%YAML 1.1
%TAG !u! tag:unity3d.com,2011:
--- !u!1 &932413073440379431
GameObject:
  m_ObjectHideFlags: 0
  m_CorrespondingSourceObject: {fileID: 0}
  m_PrefabInstance: {fileID: 0}
  m_PrefabAsset: {fileID: 0}
  serializedVersion: 6
  m_Component:
  - component: {fileID: 2896142605463588586}
  - component: {fileID: 1647979581727338828}
  m_Layer: 0
  m_Name: Armory_03
  m_TagString: Untagged
  m_Icon: {fileID: 0}
  m_NavMeshLayer: 0
  m_StaticEditorFlags: 0
  m_IsActive: 1
--- !u!4 &2896142605463588586
Transform:
  m_ObjectHideFlags: 0
  m_CorrespondingSourceObject: {fileID: 0}
  m_PrefabInstance: {fileID: 0}
  m_PrefabAsset: {fileID: 0}
  m_GameObject: {fileID: 932413073440379431}
  m_LocalRotation: {x: 0, y: 0, z: 0, w: 1}
  m_LocalPosition: {x: 0, y: 0, z: 0}
  m_LocalScale: {x: 1, y: 1, z: 1}
  m_ConstrainProportionsScale: 0
  m_Children:
  - {fileID: 168457289676473127}
  - {fileID: 460482308735350563}
  - {fileID: 7241627809711128378}
  - {fileID: 6269772821781365099}
  - {fileID: 1329850938035873612}
  - {fileID: 6092757114771648160}
  - {fileID: 5506317739461933532}
  - {fileID: 3884277716036721456}
  - {fileID: 3083306569241767043}
  - {fileID: 8922502943750795110}
  - {fileID: 1797731900390975927}
  - {fileID: 7007270363687422664}
  - {fileID: 8920745067507505559}
  - {fileID: 7839198895340266475}
  m_Father: {fileID: 0}
  m_RootOrder: 0
  m_LocalEulerAnglesHint: {x: 0, y: 0, z: 0}
--- !u!114 &1647979581727338828
MonoBehaviour:
  m_ObjectHideFlags: 0
  m_CorrespondingSourceObject: {fileID: 0}
  m_PrefabInstance: {fileID: 0}
  m_PrefabAsset: {fileID: 0}
  m_GameObject: {fileID: 932413073440379431}
  m_Enabled: 1
  m_EditorHideFlags: 0
  m_Script: {fileID: 11500000, guid: d742f62bb90b487419263365e3b08704, type: 3}
  m_Name: 
  m_EditorClassIdentifier: 
--- !u!1001 &528083195106924469
PrefabInstance:
  m_ObjectHideFlags: 0
  serializedVersion: 2
  m_Modification:
    m_TransformParent: {fileID: 2896142605463588586}
    m_Modifications:
    - target: {fileID: 723938096, guid: af7cbe86de837d74f98e73af8d226b3b, type: 3}
      propertyPath: m_Name
      value: Barrel_03
      objectReference: {fileID: 0}
    - target: {fileID: 723938096, guid: af7cbe86de837d74f98e73af8d226b3b, type: 3}
      propertyPath: m_IsActive
      value: 1
      objectReference: {fileID: 0}
    - target: {fileID: 7145892087409961103, guid: af7cbe86de837d74f98e73af8d226b3b, type: 3}
      propertyPath: m_RootOrder
      value: 2
      objectReference: {fileID: 0}
    - target: {fileID: 7145892087409961103, guid: af7cbe86de837d74f98e73af8d226b3b, type: 3}
      propertyPath: m_LocalPosition.x
      value: -1.263
      objectReference: {fileID: 0}
    - target: {fileID: 7145892087409961103, guid: af7cbe86de837d74f98e73af8d226b3b, type: 3}
      propertyPath: m_LocalPosition.y
      value: 0
      objectReference: {fileID: 0}
    - target: {fileID: 7145892087409961103, guid: af7cbe86de837d74f98e73af8d226b3b, type: 3}
      propertyPath: m_LocalPosition.z
      value: 0.207
      objectReference: {fileID: 0}
    - target: {fileID: 7145892087409961103, guid: af7cbe86de837d74f98e73af8d226b3b, type: 3}
      propertyPath: m_LocalRotation.w
      value: 1
      objectReference: {fileID: 0}
    - target: {fileID: 7145892087409961103, guid: af7cbe86de837d74f98e73af8d226b3b, type: 3}
      propertyPath: m_LocalRotation.x
      value: 0
      objectReference: {fileID: 0}
    - target: {fileID: 7145892087409961103, guid: af7cbe86de837d74f98e73af8d226b3b, type: 3}
      propertyPath: m_LocalRotation.y
      value: -0
      objectReference: {fileID: 0}
    - target: {fileID: 7145892087409961103, guid: af7cbe86de837d74f98e73af8d226b3b, type: 3}
      propertyPath: m_LocalRotation.z
      value: -0
      objectReference: {fileID: 0}
    - target: {fileID: 7145892087409961103, guid: af7cbe86de837d74f98e73af8d226b3b, type: 3}
      propertyPath: m_LocalEulerAnglesHint.x
      value: 0
      objectReference: {fileID: 0}
    - target: {fileID: 7145892087409961103, guid: af7cbe86de837d74f98e73af8d226b3b, type: 3}
      propertyPath: m_LocalEulerAnglesHint.y
      value: 0
      objectReference: {fileID: 0}
    - target: {fileID: 7145892087409961103, guid: af7cbe86de837d74f98e73af8d226b3b, type: 3}
      propertyPath: m_LocalEulerAnglesHint.z
      value: 0
      objectReference: {fileID: 0}
    m_RemovedComponents: []
  m_SourcePrefab: {fileID: 100100000, guid: af7cbe86de837d74f98e73af8d226b3b, type: 3}
--- !u!4 &7241627809711128378 stripped
Transform:
  m_CorrespondingSourceObject: {fileID: 7145892087409961103, guid: af7cbe86de837d74f98e73af8d226b3b, type: 3}
  m_PrefabInstance: {fileID: 528083195106924469}
  m_PrefabAsset: {fileID: 0}
--- !u!1001 &1534351624166879371
PrefabInstance:
  m_ObjectHideFlags: 0
  serializedVersion: 2
  m_Modification:
    m_TransformParent: {fileID: 2896142605463588586}
    m_Modifications:
    - target: {fileID: 334545169, guid: 804115930a90c4b4ea161a97b32f6165, type: 3}
      propertyPath: m_Name
      value: Box_02
      objectReference: {fileID: 0}
    - target: {fileID: 334545169, guid: 804115930a90c4b4ea161a97b32f6165, type: 3}
      propertyPath: m_IsActive
      value: 0
      objectReference: {fileID: 0}
    - target: {fileID: 522286499653982151, guid: 804115930a90c4b4ea161a97b32f6165, type: 3}
      propertyPath: m_RootOrder
      value: 4
      objectReference: {fileID: 0}
    - target: {fileID: 522286499653982151, guid: 804115930a90c4b4ea161a97b32f6165, type: 3}
      propertyPath: m_LocalPosition.x
      value: 0.825
      objectReference: {fileID: 0}
    - target: {fileID: 522286499653982151, guid: 804115930a90c4b4ea161a97b32f6165, type: 3}
      propertyPath: m_LocalPosition.y
      value: 0.5
      objectReference: {fileID: 0}
    - target: {fileID: 522286499653982151, guid: 804115930a90c4b4ea161a97b32f6165, type: 3}
      propertyPath: m_LocalPosition.z
      value: 1.285
      objectReference: {fileID: 0}
    - target: {fileID: 522286499653982151, guid: 804115930a90c4b4ea161a97b32f6165, type: 3}
      propertyPath: m_LocalRotation.w
      value: 1
      objectReference: {fileID: 0}
    - target: {fileID: 522286499653982151, guid: 804115930a90c4b4ea161a97b32f6165, type: 3}
      propertyPath: m_LocalRotation.x
      value: 0
      objectReference: {fileID: 0}
    - target: {fileID: 522286499653982151, guid: 804115930a90c4b4ea161a97b32f6165, type: 3}
      propertyPath: m_LocalRotation.y
      value: -0
      objectReference: {fileID: 0}
    - target: {fileID: 522286499653982151, guid: 804115930a90c4b4ea161a97b32f6165, type: 3}
      propertyPath: m_LocalRotation.z
      value: -0
      objectReference: {fileID: 0}
    - target: {fileID: 522286499653982151, guid: 804115930a90c4b4ea161a97b32f6165, type: 3}
      propertyPath: m_LocalEulerAnglesHint.x
      value: 0
      objectReference: {fileID: 0}
    - target: {fileID: 522286499653982151, guid: 804115930a90c4b4ea161a97b32f6165, type: 3}
      propertyPath: m_LocalEulerAnglesHint.y
      value: 0
      objectReference: {fileID: 0}
    - target: {fileID: 522286499653982151, guid: 804115930a90c4b4ea161a97b32f6165, type: 3}
      propertyPath: m_LocalEulerAnglesHint.z
      value: 0
      objectReference: {fileID: 0}
    m_RemovedComponents: []
  m_SourcePrefab: {fileID: 100100000, guid: 804115930a90c4b4ea161a97b32f6165, type: 3}
--- !u!4 &1329850938035873612 stripped
Transform:
  m_CorrespondingSourceObject: {fileID: 522286499653982151, guid: 804115930a90c4b4ea161a97b32f6165, type: 3}
  m_PrefabInstance: {fileID: 1534351624166879371}
  m_PrefabAsset: {fileID: 0}
--- !u!1001 &1740978987496648357
PrefabInstance:
  m_ObjectHideFlags: 0
  serializedVersion: 2
  m_Modification:
    m_TransformParent: {fileID: 2896142605463588586}
    m_Modifications:
    - target: {fileID: 1513824485, guid: 22d410014295c8b4494774f0742deb0d, type: 3}
      propertyPath: m_Name
      value: Blacksmith_05
      objectReference: {fileID: 0}
    - target: {fileID: 1513824485, guid: 22d410014295c8b4494774f0742deb0d, type: 3}
      propertyPath: m_IsActive
      value: 1
      objectReference: {fileID: 0}
    - target: {fileID: 3666820525648282150, guid: 22d410014295c8b4494774f0742deb0d, type: 3}
      propertyPath: m_RootOrder
      value: 8
      objectReference: {fileID: 0}
    - target: {fileID: 3666820525648282150, guid: 22d410014295c8b4494774f0742deb0d, type: 3}
      propertyPath: m_LocalPosition.x
      value: -1.055
      objectReference: {fileID: 0}
    - target: {fileID: 3666820525648282150, guid: 22d410014295c8b4494774f0742deb0d, type: 3}
      propertyPath: m_LocalPosition.y
      value: 0
      objectReference: {fileID: 0}
    - target: {fileID: 3666820525648282150, guid: 22d410014295c8b4494774f0742deb0d, type: 3}
      propertyPath: m_LocalPosition.z
      value: 1.147
      objectReference: {fileID: 0}
    - target: {fileID: 3666820525648282150, guid: 22d410014295c8b4494774f0742deb0d, type: 3}
      propertyPath: m_LocalRotation.w
      value: 0.66508
      objectReference: {fileID: 0}
    - target: {fileID: 3666820525648282150, guid: 22d410014295c8b4494774f0742deb0d, type: 3}
      propertyPath: m_LocalRotation.x
      value: -0
      objectReference: {fileID: 0}
    - target: {fileID: 3666820525648282150, guid: 22d410014295c8b4494774f0742deb0d, type: 3}
      propertyPath: m_LocalRotation.y
      value: 0.74677217
      objectReference: {fileID: 0}
    - target: {fileID: 3666820525648282150, guid: 22d410014295c8b4494774f0742deb0d, type: 3}
      propertyPath: m_LocalRotation.z
      value: -0
      objectReference: {fileID: 0}
    - target: {fileID: 3666820525648282150, guid: 22d410014295c8b4494774f0742deb0d, type: 3}
      propertyPath: m_LocalEulerAnglesHint.x
      value: 0
      objectReference: {fileID: 0}
    - target: {fileID: 3666820525648282150, guid: 22d410014295c8b4494774f0742deb0d, type: 3}
      propertyPath: m_LocalEulerAnglesHint.y
      value: 96.623
      objectReference: {fileID: 0}
    - target: {fileID: 3666820525648282150, guid: 22d410014295c8b4494774f0742deb0d, type: 3}
      propertyPath: m_LocalEulerAnglesHint.z
      value: 0
      objectReference: {fileID: 0}
    m_RemovedComponents: []
  m_SourcePrefab: {fileID: 100100000, guid: 22d410014295c8b4494774f0742deb0d, type: 3}
--- !u!4 &3083306569241767043 stripped
Transform:
  m_CorrespondingSourceObject: {fileID: 3666820525648282150, guid: 22d410014295c8b4494774f0742deb0d, type: 3}
  m_PrefabInstance: {fileID: 1740978987496648357}
  m_PrefabAsset: {fileID: 0}
--- !u!1001 &3031479401835506577
PrefabInstance:
  m_ObjectHideFlags: 0
  serializedVersion: 2
  m_Modification:
    m_TransformParent: {fileID: 2896142605463588586}
    m_Modifications:
    - target: {fileID: 1513824485, guid: 22d410014295c8b4494774f0742deb0d, type: 3}
      propertyPath: m_Name
      value: Blacksmith_05 (1)
      objectReference: {fileID: 0}
    - target: {fileID: 1513824485, guid: 22d410014295c8b4494774f0742deb0d, type: 3}
      propertyPath: m_IsActive
      value: 1
      objectReference: {fileID: 0}
    - target: {fileID: 3666820525648282150, guid: 22d410014295c8b4494774f0742deb0d, type: 3}
      propertyPath: m_RootOrder
      value: 10
      objectReference: {fileID: 0}
    - target: {fileID: 3666820525648282150, guid: 22d410014295c8b4494774f0742deb0d, type: 3}
      propertyPath: m_LocalPosition.x
      value: 1.01
      objectReference: {fileID: 0}
    - target: {fileID: 3666820525648282150, guid: 22d410014295c8b4494774f0742deb0d, type: 3}
      propertyPath: m_LocalPosition.y
      value: 0
      objectReference: {fileID: 0}
    - target: {fileID: 3666820525648282150, guid: 22d410014295c8b4494774f0742deb0d, type: 3}
      propertyPath: m_LocalPosition.z
      value: 1.41
      objectReference: {fileID: 0}
    - target: {fileID: 3666820525648282150, guid: 22d410014295c8b4494774f0742deb0d, type: 3}
      propertyPath: m_LocalRotation.w
      value: 0.7228709
      objectReference: {fileID: 0}
    - target: {fileID: 3666820525648282150, guid: 22d410014295c8b4494774f0742deb0d, type: 3}
      propertyPath: m_LocalRotation.x
      value: -0
      objectReference: {fileID: 0}
    - target: {fileID: 3666820525648282150, guid: 22d410014295c8b4494774f0742deb0d, type: 3}
      propertyPath: m_LocalRotation.y
      value: -0.6909832
      objectReference: {fileID: 0}
    - target: {fileID: 3666820525648282150, guid: 22d410014295c8b4494774f0742deb0d, type: 3}
      propertyPath: m_LocalRotation.z
      value: -0
      objectReference: {fileID: 0}
    - target: {fileID: 3666820525648282150, guid: 22d410014295c8b4494774f0742deb0d, type: 3}
      propertyPath: m_LocalEulerAnglesHint.x
      value: 0
      objectReference: {fileID: 0}
    - target: {fileID: 3666820525648282150, guid: 22d410014295c8b4494774f0742deb0d, type: 3}
      propertyPath: m_LocalEulerAnglesHint.y
      value: -87.416
      objectReference: {fileID: 0}
    - target: {fileID: 3666820525648282150, guid: 22d410014295c8b4494774f0742deb0d, type: 3}
      propertyPath: m_LocalEulerAnglesHint.z
      value: 0
      objectReference: {fileID: 0}
    m_RemovedComponents: []
  m_SourcePrefab: {fileID: 100100000, guid: 22d410014295c8b4494774f0742deb0d, type: 3}
--- !u!4 &1797731900390975927 stripped
Transform:
  m_CorrespondingSourceObject: {fileID: 3666820525648282150, guid: 22d410014295c8b4494774f0742deb0d, type: 3}
  m_PrefabInstance: {fileID: 3031479401835506577}
  m_PrefabAsset: {fileID: 0}
--- !u!1001 &3503369312181946787
PrefabInstance:
  m_ObjectHideFlags: 0
  serializedVersion: 2
  m_Modification:
    m_TransformParent: {fileID: 2896142605463588586}
    m_Modifications:
    - target: {fileID: 1283997953, guid: caea80c109e5bce45879ed16d1883604, type: 3}
      propertyPath: m_Name
      value: Blacksmith_04
      objectReference: {fileID: 0}
    - target: {fileID: 1283997953, guid: caea80c109e5bce45879ed16d1883604, type: 3}
      propertyPath: m_IsActive
      value: 0
      objectReference: {fileID: 0}
    - target: {fileID: 394572749177721491, guid: caea80c109e5bce45879ed16d1883604, type: 3}
      propertyPath: m_RootOrder
      value: 7
      objectReference: {fileID: 0}
    - target: {fileID: 394572749177721491, guid: caea80c109e5bce45879ed16d1883604, type: 3}
      propertyPath: m_LocalPosition.x
      value: 0.467
      objectReference: {fileID: 0}
    - target: {fileID: 394572749177721491, guid: caea80c109e5bce45879ed16d1883604, type: 3}
      propertyPath: m_LocalPosition.y
      value: 0
      objectReference: {fileID: 0}
    - target: {fileID: 394572749177721491, guid: caea80c109e5bce45879ed16d1883604, type: 3}
      propertyPath: m_LocalPosition.z
      value: -0.081
      objectReference: {fileID: 0}
    - target: {fileID: 394572749177721491, guid: caea80c109e5bce45879ed16d1883604, type: 3}
      propertyPath: m_LocalRotation.w
      value: 1
      objectReference: {fileID: 0}
    - target: {fileID: 394572749177721491, guid: caea80c109e5bce45879ed16d1883604, type: 3}
      propertyPath: m_LocalRotation.x
      value: 0
      objectReference: {fileID: 0}
    - target: {fileID: 394572749177721491, guid: caea80c109e5bce45879ed16d1883604, type: 3}
      propertyPath: m_LocalRotation.y
      value: -0
      objectReference: {fileID: 0}
    - target: {fileID: 394572749177721491, guid: caea80c109e5bce45879ed16d1883604, type: 3}
      propertyPath: m_LocalRotation.z
      value: -0
      objectReference: {fileID: 0}
    - target: {fileID: 394572749177721491, guid: caea80c109e5bce45879ed16d1883604, type: 3}
      propertyPath: m_LocalEulerAnglesHint.x
      value: 0
      objectReference: {fileID: 0}
    - target: {fileID: 394572749177721491, guid: caea80c109e5bce45879ed16d1883604, type: 3}
      propertyPath: m_LocalEulerAnglesHint.y
      value: 0
      objectReference: {fileID: 0}
    - target: {fileID: 394572749177721491, guid: caea80c109e5bce45879ed16d1883604, type: 3}
      propertyPath: m_LocalEulerAnglesHint.z
      value: 0
      objectReference: {fileID: 0}
    m_RemovedComponents: []
  m_SourcePrefab: {fileID: 100100000, guid: caea80c109e5bce45879ed16d1883604, type: 3}
--- !u!4 &3884277716036721456 stripped
Transform:
  m_CorrespondingSourceObject: {fileID: 394572749177721491, guid: caea80c109e5bce45879ed16d1883604, type: 3}
  m_PrefabInstance: {fileID: 3503369312181946787}
  m_PrefabAsset: {fileID: 0}
--- !u!1001 &3576631309367102728
PrefabInstance:
  m_ObjectHideFlags: 0
  serializedVersion: 2
  m_Modification:
    m_TransformParent: {fileID: 2896142605463588586}
    m_Modifications:
    - target: {fileID: 952783696, guid: f3ccfa9003e9e7e4799853e37266bcd3, type: 3}
      propertyPath: m_Name
      value: Barrel_01
      objectReference: {fileID: 0}
    - target: {fileID: 952783696, guid: f3ccfa9003e9e7e4799853e37266bcd3, type: 3}
      propertyPath: m_IsActive
      value: 0
      objectReference: {fileID: 0}
    - target: {fileID: 3743832947692670511, guid: f3ccfa9003e9e7e4799853e37266bcd3, type: 3}
      propertyPath: m_RootOrder
      value: 0
      objectReference: {fileID: 0}
    - target: {fileID: 3743832947692670511, guid: f3ccfa9003e9e7e4799853e37266bcd3, type: 3}
      propertyPath: m_LocalPosition.x
      value: -1.597
      objectReference: {fileID: 0}
    - target: {fileID: 3743832947692670511, guid: f3ccfa9003e9e7e4799853e37266bcd3, type: 3}
      propertyPath: m_LocalPosition.y
      value: 0
      objectReference: {fileID: 0}
    - target: {fileID: 3743832947692670511, guid: f3ccfa9003e9e7e4799853e37266bcd3, type: 3}
      propertyPath: m_LocalPosition.z
      value: 1.002
      objectReference: {fileID: 0}
    - target: {fileID: 3743832947692670511, guid: f3ccfa9003e9e7e4799853e37266bcd3, type: 3}
      propertyPath: m_LocalRotation.w
      value: 1
      objectReference: {fileID: 0}
    - target: {fileID: 3743832947692670511, guid: f3ccfa9003e9e7e4799853e37266bcd3, type: 3}
      propertyPath: m_LocalRotation.x
      value: 0
      objectReference: {fileID: 0}
    - target: {fileID: 3743832947692670511, guid: f3ccfa9003e9e7e4799853e37266bcd3, type: 3}
      propertyPath: m_LocalRotation.y
      value: -0
      objectReference: {fileID: 0}
    - target: {fileID: 3743832947692670511, guid: f3ccfa9003e9e7e4799853e37266bcd3, type: 3}
      propertyPath: m_LocalRotation.z
      value: -0
      objectReference: {fileID: 0}
    - target: {fileID: 3743832947692670511, guid: f3ccfa9003e9e7e4799853e37266bcd3, type: 3}
      propertyPath: m_LocalEulerAnglesHint.x
      value: 0
      objectReference: {fileID: 0}
    - target: {fileID: 3743832947692670511, guid: f3ccfa9003e9e7e4799853e37266bcd3, type: 3}
      propertyPath: m_LocalEulerAnglesHint.y
      value: 0
      objectReference: {fileID: 0}
    - target: {fileID: 3743832947692670511, guid: f3ccfa9003e9e7e4799853e37266bcd3, type: 3}
      propertyPath: m_LocalEulerAnglesHint.z
      value: 0
      objectReference: {fileID: 0}
    m_RemovedComponents: []
  m_SourcePrefab: {fileID: 100100000, guid: f3ccfa9003e9e7e4799853e37266bcd3, type: 3}
--- !u!4 &168457289676473127 stripped
Transform:
  m_CorrespondingSourceObject: {fileID: 3743832947692670511, guid: f3ccfa9003e9e7e4799853e37266bcd3, type: 3}
  m_PrefabInstance: {fileID: 3576631309367102728}
  m_PrefabAsset: {fileID: 0}
--- !u!1001 &3726188331960183084
PrefabInstance:
  m_ObjectHideFlags: 0
  serializedVersion: 2
  m_Modification:
    m_TransformParent: {fileID: 2896142605463588586}
    m_Modifications:
    - target: {fileID: 758160194, guid: 681e8c7fed95aa7419814bc1821d704e, type: 3}
      propertyPath: m_Name
      value: Box_01
      objectReference: {fileID: 0}
    - target: {fileID: 758160194, guid: 681e8c7fed95aa7419814bc1821d704e, type: 3}
      propertyPath: m_IsActive
      value: 0
      objectReference: {fileID: 0}
    - target: {fileID: 7256602617229109319, guid: 681e8c7fed95aa7419814bc1821d704e, type: 3}
      propertyPath: m_RootOrder
      value: 3
      objectReference: {fileID: 0}
    - target: {fileID: 7256602617229109319, guid: 681e8c7fed95aa7419814bc1821d704e, type: 3}
      propertyPath: m_LocalPosition.x
      value: 0.946
      objectReference: {fileID: 0}
    - target: {fileID: 7256602617229109319, guid: 681e8c7fed95aa7419814bc1821d704e, type: 3}
      propertyPath: m_LocalPosition.y
      value: 1.421
      objectReference: {fileID: 0}
    - target: {fileID: 7256602617229109319, guid: 681e8c7fed95aa7419814bc1821d704e, type: 3}
      propertyPath: m_LocalPosition.z
      value: 0.801
      objectReference: {fileID: 0}
    - target: {fileID: 7256602617229109319, guid: 681e8c7fed95aa7419814bc1821d704e, type: 3}
      propertyPath: m_LocalRotation.w
      value: 1
      objectReference: {fileID: 0}
    - target: {fileID: 7256602617229109319, guid: 681e8c7fed95aa7419814bc1821d704e, type: 3}
      propertyPath: m_LocalRotation.x
      value: 0
      objectReference: {fileID: 0}
    - target: {fileID: 7256602617229109319, guid: 681e8c7fed95aa7419814bc1821d704e, type: 3}
      propertyPath: m_LocalRotation.y
      value: -0
      objectReference: {fileID: 0}
    - target: {fileID: 7256602617229109319, guid: 681e8c7fed95aa7419814bc1821d704e, type: 3}
      propertyPath: m_LocalRotation.z
      value: -0
      objectReference: {fileID: 0}
    - target: {fileID: 7256602617229109319, guid: 681e8c7fed95aa7419814bc1821d704e, type: 3}
      propertyPath: m_LocalEulerAnglesHint.x
      value: 0
      objectReference: {fileID: 0}
    - target: {fileID: 7256602617229109319, guid: 681e8c7fed95aa7419814bc1821d704e, type: 3}
      propertyPath: m_LocalEulerAnglesHint.y
      value: 0
      objectReference: {fileID: 0}
    - target: {fileID: 7256602617229109319, guid: 681e8c7fed95aa7419814bc1821d704e, type: 3}
      propertyPath: m_LocalEulerAnglesHint.z
      value: 0
      objectReference: {fileID: 0}
    m_RemovedComponents: []
  m_SourcePrefab: {fileID: 100100000, guid: 681e8c7fed95aa7419814bc1821d704e, type: 3}
--- !u!4 &6269772821781365099 stripped
Transform:
  m_CorrespondingSourceObject: {fileID: 7256602617229109319, guid: 681e8c7fed95aa7419814bc1821d704e, type: 3}
  m_PrefabInstance: {fileID: 3726188331960183084}
  m_PrefabAsset: {fileID: 0}
--- !u!1001 &3861610192418748684
PrefabInstance:
  m_ObjectHideFlags: 0
  serializedVersion: 2
  m_Modification:
    m_TransformParent: {fileID: 2896142605463588586}
    m_Modifications:
    - target: {fileID: 952783696, guid: f3ccfa9003e9e7e4799853e37266bcd3, type: 3}
      propertyPath: m_Name
      value: Barrel_01 (1)
      objectReference: {fileID: 0}
    - target: {fileID: 952783696, guid: f3ccfa9003e9e7e4799853e37266bcd3, type: 3}
      propertyPath: m_IsActive
      value: 0
      objectReference: {fileID: 0}
    - target: {fileID: 3743832947692670511, guid: f3ccfa9003e9e7e4799853e37266bcd3, type: 3}
      propertyPath: m_RootOrder
      value: 1
      objectReference: {fileID: 0}
    - target: {fileID: 3743832947692670511, guid: f3ccfa9003e9e7e4799853e37266bcd3, type: 3}
      propertyPath: m_LocalPosition.x
      value: -1.322
      objectReference: {fileID: 0}
    - target: {fileID: 3743832947692670511, guid: f3ccfa9003e9e7e4799853e37266bcd3, type: 3}
      propertyPath: m_LocalPosition.y
      value: 0
      objectReference: {fileID: 0}
    - target: {fileID: 3743832947692670511, guid: f3ccfa9003e9e7e4799853e37266bcd3, type: 3}
      propertyPath: m_LocalPosition.z
      value: 1.241
      objectReference: {fileID: 0}
    - target: {fileID: 3743832947692670511, guid: f3ccfa9003e9e7e4799853e37266bcd3, type: 3}
      propertyPath: m_LocalRotation.w
      value: 1
      objectReference: {fileID: 0}
    - target: {fileID: 3743832947692670511, guid: f3ccfa9003e9e7e4799853e37266bcd3, type: 3}
      propertyPath: m_LocalRotation.x
      value: 0
      objectReference: {fileID: 0}
    - target: {fileID: 3743832947692670511, guid: f3ccfa9003e9e7e4799853e37266bcd3, type: 3}
      propertyPath: m_LocalRotation.y
      value: -0
      objectReference: {fileID: 0}
    - target: {fileID: 3743832947692670511, guid: f3ccfa9003e9e7e4799853e37266bcd3, type: 3}
      propertyPath: m_LocalRotation.z
      value: -0
      objectReference: {fileID: 0}
    - target: {fileID: 3743832947692670511, guid: f3ccfa9003e9e7e4799853e37266bcd3, type: 3}
      propertyPath: m_LocalEulerAnglesHint.x
      value: 0
      objectReference: {fileID: 0}
    - target: {fileID: 3743832947692670511, guid: f3ccfa9003e9e7e4799853e37266bcd3, type: 3}
      propertyPath: m_LocalEulerAnglesHint.y
      value: 0
      objectReference: {fileID: 0}
    - target: {fileID: 3743832947692670511, guid: f3ccfa9003e9e7e4799853e37266bcd3, type: 3}
      propertyPath: m_LocalEulerAnglesHint.z
      value: 0
      objectReference: {fileID: 0}
    m_RemovedComponents: []
  m_SourcePrefab: {fileID: 100100000, guid: f3ccfa9003e9e7e4799853e37266bcd3, type: 3}
--- !u!4 &460482308735350563 stripped
Transform:
  m_CorrespondingSourceObject: {fileID: 3743832947692670511, guid: f3ccfa9003e9e7e4799853e37266bcd3, type: 3}
  m_PrefabInstance: {fileID: 3861610192418748684}
  m_PrefabAsset: {fileID: 0}
--- !u!1001 &4295669557650780582
PrefabInstance:
  m_ObjectHideFlags: 0
  serializedVersion: 2
  m_Modification:
    m_TransformParent: {fileID: 2896142605463588586}
    m_Modifications:
    - target: {fileID: 10603838, guid: b97eefb17f24b0e4191921db18ac6999, type: 3}
      propertyPath: m_Name
      value: Box_03
      objectReference: {fileID: 0}
    - target: {fileID: 10603838, guid: b97eefb17f24b0e4191921db18ac6999, type: 3}
      propertyPath: m_IsActive
      value: 1
      objectReference: {fileID: 0}
    - target: {fileID: 8003066844573949702, guid: b97eefb17f24b0e4191921db18ac6999, type: 3}
      propertyPath: m_RootOrder
      value: 5
      objectReference: {fileID: 0}
    - target: {fileID: 8003066844573949702, guid: b97eefb17f24b0e4191921db18ac6999, type: 3}
      propertyPath: m_LocalPosition.x
      value: 1.08
      objectReference: {fileID: 0}
    - target: {fileID: 8003066844573949702, guid: b97eefb17f24b0e4191921db18ac6999, type: 3}
      propertyPath: m_LocalPosition.y
      value: 0.5
      objectReference: {fileID: 0}
    - target: {fileID: 8003066844573949702, guid: b97eefb17f24b0e4191921db18ac6999, type: 3}
      propertyPath: m_LocalPosition.z
      value: -1
      objectReference: {fileID: 0}
    - target: {fileID: 8003066844573949702, guid: b97eefb17f24b0e4191921db18ac6999, type: 3}
      propertyPath: m_LocalRotation.w
      value: 0.9722622
      objectReference: {fileID: 0}
    - target: {fileID: 8003066844573949702, guid: b97eefb17f24b0e4191921db18ac6999, type: 3}
      propertyPath: m_LocalRotation.x
      value: -0
      objectReference: {fileID: 0}
    - target: {fileID: 8003066844573949702, guid: b97eefb17f24b0e4191921db18ac6999, type: 3}
      propertyPath: m_LocalRotation.y
      value: 0.23389365
      objectReference: {fileID: 0}
    - target: {fileID: 8003066844573949702, guid: b97eefb17f24b0e4191921db18ac6999, type: 3}
      propertyPath: m_LocalRotation.z
      value: -0
      objectReference: {fileID: 0}
    - target: {fileID: 8003066844573949702, guid: b97eefb17f24b0e4191921db18ac6999, type: 3}
      propertyPath: m_LocalEulerAnglesHint.x
      value: 0
      objectReference: {fileID: 0}
    - target: {fileID: 8003066844573949702, guid: b97eefb17f24b0e4191921db18ac6999, type: 3}
      propertyPath: m_LocalEulerAnglesHint.y
      value: 27.053
      objectReference: {fileID: 0}
    - target: {fileID: 8003066844573949702, guid: b97eefb17f24b0e4191921db18ac6999, type: 3}
      propertyPath: m_LocalEulerAnglesHint.z
      value: 0
      objectReference: {fileID: 0}
    m_RemovedComponents: []
  m_SourcePrefab: {fileID: 100100000, guid: b97eefb17f24b0e4191921db18ac6999, type: 3}
--- !u!4 &6092757114771648160 stripped
Transform:
  m_CorrespondingSourceObject: {fileID: 8003066844573949702, guid: b97eefb17f24b0e4191921db18ac6999, type: 3}
  m_PrefabInstance: {fileID: 4295669557650780582}
  m_PrefabAsset: {fileID: 0}
--- !u!1001 &4780152543216527940
PrefabInstance:
  m_ObjectHideFlags: 0
  serializedVersion: 2
  m_Modification:
    m_TransformParent: {fileID: 2896142605463588586}
    m_Modifications:
    - target: {fileID: 1480133058, guid: bce8408c12caa1d4082493287f0c0e04, type: 3}
      propertyPath: m_Name
      value: Blacksmith_02
      objectReference: {fileID: 0}
    - target: {fileID: 1480133058, guid: bce8408c12caa1d4082493287f0c0e04, type: 3}
      propertyPath: m_IsActive
      value: 0
      objectReference: {fileID: 0}
    - target: {fileID: 1025938520563684248, guid: bce8408c12caa1d4082493287f0c0e04, type: 3}
      propertyPath: m_RootOrder
      value: 6
      objectReference: {fileID: 0}
    - target: {fileID: 1025938520563684248, guid: bce8408c12caa1d4082493287f0c0e04, type: 3}
      propertyPath: m_LocalPosition.x
      value: -1.191
      objectReference: {fileID: 0}
    - target: {fileID: 1025938520563684248, guid: bce8408c12caa1d4082493287f0c0e04, type: 3}
      propertyPath: m_LocalPosition.y
      value: 0
      objectReference: {fileID: 0}
    - target: {fileID: 1025938520563684248, guid: bce8408c12caa1d4082493287f0c0e04, type: 3}
      propertyPath: m_LocalPosition.z
      value: -0.803
      objectReference: {fileID: 0}
    - target: {fileID: 1025938520563684248, guid: bce8408c12caa1d4082493287f0c0e04, type: 3}
      propertyPath: m_LocalRotation.w
      value: 0.8774597
      objectReference: {fileID: 0}
    - target: {fileID: 1025938520563684248, guid: bce8408c12caa1d4082493287f0c0e04, type: 3}
      propertyPath: m_LocalRotation.x
      value: -0
      objectReference: {fileID: 0}
    - target: {fileID: 1025938520563684248, guid: bce8408c12caa1d4082493287f0c0e04, type: 3}
      propertyPath: m_LocalRotation.y
      value: 0.47965044
      objectReference: {fileID: 0}
    - target: {fileID: 1025938520563684248, guid: bce8408c12caa1d4082493287f0c0e04, type: 3}
      propertyPath: m_LocalRotation.z
      value: -0
      objectReference: {fileID: 0}
    - target: {fileID: 1025938520563684248, guid: bce8408c12caa1d4082493287f0c0e04, type: 3}
      propertyPath: m_LocalEulerAnglesHint.x
      value: 0
      objectReference: {fileID: 0}
    - target: {fileID: 1025938520563684248, guid: bce8408c12caa1d4082493287f0c0e04, type: 3}
      propertyPath: m_LocalEulerAnglesHint.y
      value: 57.325
      objectReference: {fileID: 0}
    - target: {fileID: 1025938520563684248, guid: bce8408c12caa1d4082493287f0c0e04, type: 3}
      propertyPath: m_LocalEulerAnglesHint.z
      value: 0
      objectReference: {fileID: 0}
    m_RemovedComponents: []
  m_SourcePrefab: {fileID: 100100000, guid: bce8408c12caa1d4082493287f0c0e04, type: 3}
--- !u!4 &5506317739461933532 stripped
Transform:
  m_CorrespondingSourceObject: {fileID: 1025938520563684248, guid: bce8408c12caa1d4082493287f0c0e04, type: 3}
  m_PrefabInstance: {fileID: 4780152543216527940}
  m_PrefabAsset: {fileID: 0}
--- !u!1001 &5273701457722006449
PrefabInstance:
  m_ObjectHideFlags: 0
  serializedVersion: 2
  m_Modification:
    m_TransformParent: {fileID: 2896142605463588586}
    m_Modifications:
    - target: {fileID: 1513824485, guid: 22d410014295c8b4494774f0742deb0d, type: 3}
      propertyPath: m_Name
      value: Blacksmith_05 (3)
      objectReference: {fileID: 0}
    - target: {fileID: 1513824485, guid: 22d410014295c8b4494774f0742deb0d, type: 3}
      propertyPath: m_IsActive
      value: 1
      objectReference: {fileID: 0}
    - target: {fileID: 3666820525648282150, guid: 22d410014295c8b4494774f0742deb0d, type: 3}
      propertyPath: m_RootOrder
      value: 12
      objectReference: {fileID: 0}
    - target: {fileID: 3666820525648282150, guid: 22d410014295c8b4494774f0742deb0d, type: 3}
      propertyPath: m_LocalPosition.x
      value: -1.214
      objectReference: {fileID: 0}
    - target: {fileID: 3666820525648282150, guid: 22d410014295c8b4494774f0742deb0d, type: 3}
      propertyPath: m_LocalPosition.y
      value: 0
      objectReference: {fileID: 0}
    - target: {fileID: 3666820525648282150, guid: 22d410014295c8b4494774f0742deb0d, type: 3}
      propertyPath: m_LocalPosition.z
      value: -0.809
      objectReference: {fileID: 0}
    - target: {fileID: 3666820525648282150, guid: 22d410014295c8b4494774f0742deb0d, type: 3}
      propertyPath: m_LocalRotation.w
      value: 0.73008066
      objectReference: {fileID: 0}
    - target: {fileID: 3666820525648282150, guid: 22d410014295c8b4494774f0742deb0d, type: 3}
      propertyPath: m_LocalRotation.x
      value: -0
      objectReference: {fileID: 0}
    - target: {fileID: 3666820525648282150, guid: 22d410014295c8b4494774f0742deb0d, type: 3}
      propertyPath: m_LocalRotation.y
      value: 0.683361
      objectReference: {fileID: 0}
    - target: {fileID: 3666820525648282150, guid: 22d410014295c8b4494774f0742deb0d, type: 3}
      propertyPath: m_LocalRotation.z
      value: -0
      objectReference: {fileID: 0}
    - target: {fileID: 3666820525648282150, guid: 22d410014295c8b4494774f0742deb0d, type: 3}
      propertyPath: m_LocalEulerAnglesHint.x
      value: 0
      objectReference: {fileID: 0}
    - target: {fileID: 3666820525648282150, guid: 22d410014295c8b4494774f0742deb0d, type: 3}
      propertyPath: m_LocalEulerAnglesHint.y
      value: 86.214
      objectReference: {fileID: 0}
    - target: {fileID: 3666820525648282150, guid: 22d410014295c8b4494774f0742deb0d, type: 3}
      propertyPath: m_LocalEulerAnglesHint.z
      value: 0
      objectReference: {fileID: 0}
    m_RemovedComponents: []
  m_SourcePrefab: {fileID: 100100000, guid: 22d410014295c8b4494774f0742deb0d, type: 3}
--- !u!4 &8920745067507505559 stripped
Transform:
  m_CorrespondingSourceObject: {fileID: 3666820525648282150, guid: 22d410014295c8b4494774f0742deb0d, type: 3}
  m_PrefabInstance: {fileID: 5273701457722006449}
  m_PrefabAsset: {fileID: 0}
--- !u!1001 &6043261780759054574
PrefabInstance:
  m_ObjectHideFlags: 0
  serializedVersion: 2
  m_Modification:
    m_TransformParent: {fileID: 2896142605463588586}
    m_Modifications:
    - target: {fileID: 1513824485, guid: 22d410014295c8b4494774f0742deb0d, type: 3}
      propertyPath: m_Name
      value: Blacksmith_05 (2)
      objectReference: {fileID: 0}
    - target: {fileID: 1513824485, guid: 22d410014295c8b4494774f0742deb0d, type: 3}
      propertyPath: m_IsActive
      value: 1
      objectReference: {fileID: 0}
    - target: {fileID: 3666820525648282150, guid: 22d410014295c8b4494774f0742deb0d, type: 3}
      propertyPath: m_RootOrder
      value: 11
      objectReference: {fileID: 0}
    - target: {fileID: 3666820525648282150, guid: 22d410014295c8b4494774f0742deb0d, type: 3}
      propertyPath: m_LocalPosition.x
      value: 1.2
      objectReference: {fileID: 0}
    - target: {fileID: 3666820525648282150, guid: 22d410014295c8b4494774f0742deb0d, type: 3}
      propertyPath: m_LocalPosition.y
      value: 0
      objectReference: {fileID: 0}
    - target: {fileID: 3666820525648282150, guid: 22d410014295c8b4494774f0742deb0d, type: 3}
      propertyPath: m_LocalPosition.z
      value: 0.14
      objectReference: {fileID: 0}
    - target: {fileID: 3666820525648282150, guid: 22d410014295c8b4494774f0742deb0d, type: 3}
      propertyPath: m_LocalRotation.w
      value: 0.77141744
      objectReference: {fileID: 0}
    - target: {fileID: 3666820525648282150, guid: 22d410014295c8b4494774f0742deb0d, type: 3}
      propertyPath: m_LocalRotation.x
      value: -0
      objectReference: {fileID: 0}
    - target: {fileID: 3666820525648282150, guid: 22d410014295c8b4494774f0742deb0d, type: 3}
      propertyPath: m_LocalRotation.y
      value: 0.6363294
      objectReference: {fileID: 0}
    - target: {fileID: 3666820525648282150, guid: 22d410014295c8b4494774f0742deb0d, type: 3}
      propertyPath: m_LocalRotation.z
      value: -0
      objectReference: {fileID: 0}
    - target: {fileID: 3666820525648282150, guid: 22d410014295c8b4494774f0742deb0d, type: 3}
      propertyPath: m_LocalEulerAnglesHint.x
      value: 0
      objectReference: {fileID: 0}
    - target: {fileID: 3666820525648282150, guid: 22d410014295c8b4494774f0742deb0d, type: 3}
      propertyPath: m_LocalEulerAnglesHint.y
      value: 79.037
      objectReference: {fileID: 0}
    - target: {fileID: 3666820525648282150, guid: 22d410014295c8b4494774f0742deb0d, type: 3}
      propertyPath: m_LocalEulerAnglesHint.z
      value: 0
      objectReference: {fileID: 0}
    m_RemovedComponents: []
  m_SourcePrefab: {fileID: 100100000, guid: 22d410014295c8b4494774f0742deb0d, type: 3}
--- !u!4 &7007270363687422664 stripped
Transform:
  m_CorrespondingSourceObject: {fileID: 3666820525648282150, guid: 22d410014295c8b4494774f0742deb0d, type: 3}
  m_PrefabInstance: {fileID: 6043261780759054574}
  m_PrefabAsset: {fileID: 0}
--- !u!1001 &7844201411410529063
PrefabInstance:
  m_ObjectHideFlags: 0
  serializedVersion: 2
  m_Modification:
    m_TransformParent: {fileID: 2896142605463588586}
    m_Modifications:
    - target: {fileID: 6296091777181900, guid: 5e4c0fb0c4c12714e80f324f55d51ddf, type: 3}
      propertyPath: m_RootOrder
      value: 13
      objectReference: {fileID: 0}
    - target: {fileID: 6296091777181900, guid: 5e4c0fb0c4c12714e80f324f55d51ddf, type: 3}
      propertyPath: m_LocalPosition.x
      value: 0
      objectReference: {fileID: 0}
    - target: {fileID: 6296091777181900, guid: 5e4c0fb0c4c12714e80f324f55d51ddf, type: 3}
      propertyPath: m_LocalPosition.y
      value: 4
      objectReference: {fileID: 0}
    - target: {fileID: 6296091777181900, guid: 5e4c0fb0c4c12714e80f324f55d51ddf, type: 3}
      propertyPath: m_LocalPosition.z
      value: 0.756
      objectReference: {fileID: 0}
    - target: {fileID: 6296091777181900, guid: 5e4c0fb0c4c12714e80f324f55d51ddf, type: 3}
      propertyPath: m_LocalRotation.w
      value: 1
      objectReference: {fileID: 0}
    - target: {fileID: 6296091777181900, guid: 5e4c0fb0c4c12714e80f324f55d51ddf, type: 3}
      propertyPath: m_LocalRotation.x
      value: -0
      objectReference: {fileID: 0}
    - target: {fileID: 6296091777181900, guid: 5e4c0fb0c4c12714e80f324f55d51ddf, type: 3}
      propertyPath: m_LocalRotation.y
      value: -0
      objectReference: {fileID: 0}
    - target: {fileID: 6296091777181900, guid: 5e4c0fb0c4c12714e80f324f55d51ddf, type: 3}
      propertyPath: m_LocalRotation.z
      value: -0
      objectReference: {fileID: 0}
    - target: {fileID: 6296091777181900, guid: 5e4c0fb0c4c12714e80f324f55d51ddf, type: 3}
      propertyPath: m_LocalEulerAnglesHint.x
      value: 0
      objectReference: {fileID: 0}
    - target: {fileID: 6296091777181900, guid: 5e4c0fb0c4c12714e80f324f55d51ddf, type: 3}
      propertyPath: m_LocalEulerAnglesHint.y
      value: 0
      objectReference: {fileID: 0}
    - target: {fileID: 6296091777181900, guid: 5e4c0fb0c4c12714e80f324f55d51ddf, type: 3}
      propertyPath: m_LocalEulerAnglesHint.z
      value: 0
      objectReference: {fileID: 0}
    - target: {fileID: 3539724703426742405, guid: 5e4c0fb0c4c12714e80f324f55d51ddf, type: 3}
      propertyPath: m_Name
      value: Chain_04 (1)
      objectReference: {fileID: 0}
    - target: {fileID: 3539724703426742405, guid: 5e4c0fb0c4c12714e80f324f55d51ddf, type: 3}
      propertyPath: m_IsActive
      value: 1
      objectReference: {fileID: 0}
    m_RemovedComponents: []
  m_SourcePrefab: {fileID: 100100000, guid: 5e4c0fb0c4c12714e80f324f55d51ddf, type: 3}
--- !u!4 &7839198895340266475 stripped
Transform:
  m_CorrespondingSourceObject: {fileID: 6296091777181900, guid: 5e4c0fb0c4c12714e80f324f55d51ddf, type: 3}
  m_PrefabInstance: {fileID: 7844201411410529063}
  m_PrefabAsset: {fileID: 0}
--- !u!1001 &8918613133988104106
PrefabInstance:
  m_ObjectHideFlags: 0
  serializedVersion: 2
  m_Modification:
    m_TransformParent: {fileID: 2896142605463588586}
    m_Modifications:
    - target: {fileID: 6296091777181900, guid: 5e4c0fb0c4c12714e80f324f55d51ddf, type: 3}
      propertyPath: m_RootOrder
      value: 9
      objectReference: {fileID: 0}
    - target: {fileID: 6296091777181900, guid: 5e4c0fb0c4c12714e80f324f55d51ddf, type: 3}
      propertyPath: m_LocalPosition.x
      value: 0
      objectReference: {fileID: 0}
    - target: {fileID: 6296091777181900, guid: 5e4c0fb0c4c12714e80f324f55d51ddf, type: 3}
      propertyPath: m_LocalPosition.y
      value: 4
      objectReference: {fileID: 0}
    - target: {fileID: 6296091777181900, guid: 5e4c0fb0c4c12714e80f324f55d51ddf, type: 3}
      propertyPath: m_LocalPosition.z
      value: 0
      objectReference: {fileID: 0}
    - target: {fileID: 6296091777181900, guid: 5e4c0fb0c4c12714e80f324f55d51ddf, type: 3}
      propertyPath: m_LocalRotation.w
      value: 1
      objectReference: {fileID: 0}
    - target: {fileID: 6296091777181900, guid: 5e4c0fb0c4c12714e80f324f55d51ddf, type: 3}
      propertyPath: m_LocalRotation.x
      value: -0
      objectReference: {fileID: 0}
    - target: {fileID: 6296091777181900, guid: 5e4c0fb0c4c12714e80f324f55d51ddf, type: 3}
      propertyPath: m_LocalRotation.y
      value: -0
      objectReference: {fileID: 0}
    - target: {fileID: 6296091777181900, guid: 5e4c0fb0c4c12714e80f324f55d51ddf, type: 3}
      propertyPath: m_LocalRotation.z
      value: -0
      objectReference: {fileID: 0}
    - target: {fileID: 6296091777181900, guid: 5e4c0fb0c4c12714e80f324f55d51ddf, type: 3}
      propertyPath: m_LocalEulerAnglesHint.x
      value: 0
      objectReference: {fileID: 0}
    - target: {fileID: 6296091777181900, guid: 5e4c0fb0c4c12714e80f324f55d51ddf, type: 3}
      propertyPath: m_LocalEulerAnglesHint.y
      value: 0
      objectReference: {fileID: 0}
    - target: {fileID: 6296091777181900, guid: 5e4c0fb0c4c12714e80f324f55d51ddf, type: 3}
      propertyPath: m_LocalEulerAnglesHint.z
      value: 0
      objectReference: {fileID: 0}
    - target: {fileID: 3539724703426742405, guid: 5e4c0fb0c4c12714e80f324f55d51ddf, type: 3}
      propertyPath: m_Name
      value: Chain_04
      objectReference: {fileID: 0}
    - target: {fileID: 3539724703426742405, guid: 5e4c0fb0c4c12714e80f324f55d51ddf, type: 3}
      propertyPath: m_IsActive
      value: 1
      objectReference: {fileID: 0}
    m_RemovedComponents: []
  m_SourcePrefab: {fileID: 100100000, guid: 5e4c0fb0c4c12714e80f324f55d51ddf, type: 3}
--- !u!4 &8922502943750795110 stripped
Transform:
  m_CorrespondingSourceObject: {fileID: 6296091777181900, guid: 5e4c0fb0c4c12714e80f324f55d51ddf, type: 3}
  m_PrefabInstance: {fileID: 8918613133988104106}
  m_PrefabAsset: {fileID: 0}
