%YAML 1.1
%TAG !u! tag:unity3d.com,2011:
--- !u!1 &5256268299279446940
GameObject:
  m_ObjectHideFlags: 0
  m_CorrespondingSourceObject: {fileID: 0}
  m_PrefabInstance: {fileID: 0}
  m_PrefabAsset: {fileID: 0}
  serializedVersion: 6
  m_Component:
  - component: {fileID: 5516175871614762310}
  - component: {fileID: 6717474249673943967}
  m_Layer: 0
  m_Name: LivingQuarters_01
  m_TagString: Untagged
  m_Icon: {fileID: 0}
  m_NavMeshLayer: 0
  m_StaticEditorFlags: 0
  m_IsActive: 1
--- !u!4 &5516175871614762310
Transform:
  m_ObjectHideFlags: 0
  m_CorrespondingSourceObject: {fileID: 0}
  m_PrefabInstance: {fileID: 0}
  m_PrefabAsset: {fileID: 0}
  m_GameObject: {fileID: 5256268299279446940}
  m_LocalRotation: {x: 0, y: 0, z: 0, w: 1}
  m_LocalPosition: {x: 0, y: 0, z: 0}
  m_LocalScale: {x: 1, y: 1, z: 1}
  m_ConstrainProportionsScale: 0
  m_Children:
  - {fileID: 6119019701890780489}
  - {fileID: 2159062560704450012}
  - {fileID: 6381029478459431125}
  - {fileID: 8840500896002406059}
  - {fileID: 3736860388999756262}
  - {fileID: 5354275032820784748}
  - {fileID: 3292543437513523036}
  - {fileID: 8653676058895462616}
  - {fileID: 2584229375203613999}
  - {fileID: 5761564194597239511}
  - {fileID: 46744556913477962}
  - {fileID: 2452490773487087387}
  - {fileID: 6620214292373306600}
  - {fileID: 1658654579868831972}
  - {fileID: 7869000611239742826}
  - {fileID: 5452551427252945108}
  - {fileID: 2395390933129953465}
  - {fileID: 1649770360789563775}
  - {fileID: 3711110483251807772}
  - {fileID: 3470842487069746505}
  - {fileID: 9106236945619865467}
  - {fileID: 1998724499868856931}
  - {fileID: 8365557433540158853}
  - {fileID: 6151519194444629886}
  - {fileID: 3553876683835209159}
  m_Father: {fileID: 0}
  m_RootOrder: 0
  m_LocalEulerAnglesHint: {x: 0, y: 0, z: 0}
--- !u!114 &6717474249673943967
MonoBehaviour:
  m_ObjectHideFlags: 0
  m_CorrespondingSourceObject: {fileID: 0}
  m_PrefabInstance: {fileID: 0}
  m_PrefabAsset: {fileID: 0}
  m_GameObject: {fileID: 5256268299279446940}
  m_Enabled: 1
  m_EditorHideFlags: 0
  m_Script: {fileID: 11500000, guid: d742f62bb90b487419263365e3b08704, type: 3}
  m_Name: 
  m_EditorClassIdentifier: 
--- !u!1001 &69693059675416172
PrefabInstance:
  m_ObjectHideFlags: 0
  serializedVersion: 2
  m_Modification:
    m_TransformParent: {fileID: 5516175871614762310}
    m_Modifications:
    - target: {fileID: 1107664363, guid: fdc5f76cb8f930243ab28c2a22aa3379, type: 3}
      propertyPath: m_Name
      value: Bottle_02
      objectReference: {fileID: 0}
    - target: {fileID: 1107664363, guid: fdc5f76cb8f930243ab28c2a22aa3379, type: 3}
      propertyPath: m_IsActive
      value: 0
      objectReference: {fileID: 0}
    - target: {fileID: 5430430573211772600, guid: fdc5f76cb8f930243ab28c2a22aa3379, type: 3}
      propertyPath: m_RootOrder
      value: 15
      objectReference: {fileID: 0}
    - target: {fileID: 5430430573211772600, guid: fdc5f76cb8f930243ab28c2a22aa3379, type: 3}
      propertyPath: m_LocalPosition.x
      value: 0
      objectReference: {fileID: 0}
    - target: {fileID: 5430430573211772600, guid: fdc5f76cb8f930243ab28c2a22aa3379, type: 3}
      propertyPath: m_LocalPosition.y
      value: 0
      objectReference: {fileID: 0}
    - target: {fileID: 5430430573211772600, guid: fdc5f76cb8f930243ab28c2a22aa3379, type: 3}
      propertyPath: m_LocalPosition.z
      value: 0
      objectReference: {fileID: 0}
    - target: {fileID: 5430430573211772600, guid: fdc5f76cb8f930243ab28c2a22aa3379, type: 3}
      propertyPath: m_LocalRotation.w
      value: 1
      objectReference: {fileID: 0}
    - target: {fileID: 5430430573211772600, guid: fdc5f76cb8f930243ab28c2a22aa3379, type: 3}
      propertyPath: m_LocalRotation.x
      value: 0
      objectReference: {fileID: 0}
    - target: {fileID: 5430430573211772600, guid: fdc5f76cb8f930243ab28c2a22aa3379, type: 3}
      propertyPath: m_LocalRotation.y
      value: -0
      objectReference: {fileID: 0}
    - target: {fileID: 5430430573211772600, guid: fdc5f76cb8f930243ab28c2a22aa3379, type: 3}
      propertyPath: m_LocalRotation.z
      value: -0
      objectReference: {fileID: 0}
    - target: {fileID: 5430430573211772600, guid: fdc5f76cb8f930243ab28c2a22aa3379, type: 3}
      propertyPath: m_LocalEulerAnglesHint.x
      value: 0
      objectReference: {fileID: 0}
    - target: {fileID: 5430430573211772600, guid: fdc5f76cb8f930243ab28c2a22aa3379, type: 3}
      propertyPath: m_LocalEulerAnglesHint.y
      value: 0
      objectReference: {fileID: 0}
    - target: {fileID: 5430430573211772600, guid: fdc5f76cb8f930243ab28c2a22aa3379, type: 3}
      propertyPath: m_LocalEulerAnglesHint.z
      value: 0
      objectReference: {fileID: 0}
    m_RemovedComponents: []
  m_SourcePrefab: {fileID: 100100000, guid: fdc5f76cb8f930243ab28c2a22aa3379, type: 3}
--- !u!4 &5452551427252945108 stripped
Transform:
  m_CorrespondingSourceObject: {fileID: 5430430573211772600, guid: fdc5f76cb8f930243ab28c2a22aa3379, type: 3}
  m_PrefabInstance: {fileID: 69693059675416172}
  m_PrefabAsset: {fileID: 0}
--- !u!1001 &141057327848700152
PrefabInstance:
  m_ObjectHideFlags: 0
  serializedVersion: 2
  m_Modification:
    m_TransformParent: {fileID: 5516175871614762310}
    m_Modifications:
    - target: {fileID: 650606226, guid: 5169e0320ee03c24ea4d14df164e65d0, type: 3}
      propertyPath: m_Name
      value: Bottle_08
      objectReference: {fileID: 0}
    - target: {fileID: 650606226, guid: 5169e0320ee03c24ea4d14df164e65d0, type: 3}
      propertyPath: m_IsActive
      value: 0
      objectReference: {fileID: 0}
    - target: {fileID: 1894264692682951323, guid: 5169e0320ee03c24ea4d14df164e65d0, type: 3}
      propertyPath: m_RootOrder
      value: 21
      objectReference: {fileID: 0}
    - target: {fileID: 1894264692682951323, guid: 5169e0320ee03c24ea4d14df164e65d0, type: 3}
      propertyPath: m_LocalPosition.x
      value: 0
      objectReference: {fileID: 0}
    - target: {fileID: 1894264692682951323, guid: 5169e0320ee03c24ea4d14df164e65d0, type: 3}
      propertyPath: m_LocalPosition.y
      value: 0
      objectReference: {fileID: 0}
    - target: {fileID: 1894264692682951323, guid: 5169e0320ee03c24ea4d14df164e65d0, type: 3}
      propertyPath: m_LocalPosition.z
      value: 0
      objectReference: {fileID: 0}
    - target: {fileID: 1894264692682951323, guid: 5169e0320ee03c24ea4d14df164e65d0, type: 3}
      propertyPath: m_LocalRotation.w
      value: 1
      objectReference: {fileID: 0}
    - target: {fileID: 1894264692682951323, guid: 5169e0320ee03c24ea4d14df164e65d0, type: 3}
      propertyPath: m_LocalRotation.x
      value: 0
      objectReference: {fileID: 0}
    - target: {fileID: 1894264692682951323, guid: 5169e0320ee03c24ea4d14df164e65d0, type: 3}
      propertyPath: m_LocalRotation.y
      value: -0
      objectReference: {fileID: 0}
    - target: {fileID: 1894264692682951323, guid: 5169e0320ee03c24ea4d14df164e65d0, type: 3}
      propertyPath: m_LocalRotation.z
      value: -0
      objectReference: {fileID: 0}
    - target: {fileID: 1894264692682951323, guid: 5169e0320ee03c24ea4d14df164e65d0, type: 3}
      propertyPath: m_LocalEulerAnglesHint.x
      value: 0
      objectReference: {fileID: 0}
    - target: {fileID: 1894264692682951323, guid: 5169e0320ee03c24ea4d14df164e65d0, type: 3}
      propertyPath: m_LocalEulerAnglesHint.y
      value: 0
      objectReference: {fileID: 0}
    - target: {fileID: 1894264692682951323, guid: 5169e0320ee03c24ea4d14df164e65d0, type: 3}
      propertyPath: m_LocalEulerAnglesHint.z
      value: 0
      objectReference: {fileID: 0}
    m_RemovedComponents: []
  m_SourcePrefab: {fileID: 100100000, guid: 5169e0320ee03c24ea4d14df164e65d0, type: 3}
--- !u!4 &1998724499868856931 stripped
Transform:
  m_CorrespondingSourceObject: {fileID: 1894264692682951323, guid: 5169e0320ee03c24ea4d14df164e65d0, type: 3}
  m_PrefabInstance: {fileID: 141057327848700152}
  m_PrefabAsset: {fileID: 0}
--- !u!1001 &306620220738478195
PrefabInstance:
  m_ObjectHideFlags: 0
  serializedVersion: 2
  m_Modification:
    m_TransformParent: {fileID: 5516175871614762310}
    m_Modifications:
    - target: {fileID: 1452325626, guid: eeb688f47bc56c942aaee401edf187ec, type: 3}
      propertyPath: m_Name
      value: Bottle_01
      objectReference: {fileID: 0}
    - target: {fileID: 1452325626, guid: eeb688f47bc56c942aaee401edf187ec, type: 3}
      propertyPath: m_IsActive
      value: 0
      objectReference: {fileID: 0}
    - target: {fileID: 7599009815076498713, guid: eeb688f47bc56c942aaee401edf187ec, type: 3}
      propertyPath: m_RootOrder
      value: 14
      objectReference: {fileID: 0}
    - target: {fileID: 7599009815076498713, guid: eeb688f47bc56c942aaee401edf187ec, type: 3}
      propertyPath: m_LocalPosition.x
      value: 0
      objectReference: {fileID: 0}
    - target: {fileID: 7599009815076498713, guid: eeb688f47bc56c942aaee401edf187ec, type: 3}
      propertyPath: m_LocalPosition.y
      value: 0
      objectReference: {fileID: 0}
    - target: {fileID: 7599009815076498713, guid: eeb688f47bc56c942aaee401edf187ec, type: 3}
      propertyPath: m_LocalPosition.z
      value: 0
      objectReference: {fileID: 0}
    - target: {fileID: 7599009815076498713, guid: eeb688f47bc56c942aaee401edf187ec, type: 3}
      propertyPath: m_LocalRotation.w
      value: 1
      objectReference: {fileID: 0}
    - target: {fileID: 7599009815076498713, guid: eeb688f47bc56c942aaee401edf187ec, type: 3}
      propertyPath: m_LocalRotation.x
      value: 0
      objectReference: {fileID: 0}
    - target: {fileID: 7599009815076498713, guid: eeb688f47bc56c942aaee401edf187ec, type: 3}
      propertyPath: m_LocalRotation.y
      value: -0
      objectReference: {fileID: 0}
    - target: {fileID: 7599009815076498713, guid: eeb688f47bc56c942aaee401edf187ec, type: 3}
      propertyPath: m_LocalRotation.z
      value: -0
      objectReference: {fileID: 0}
    - target: {fileID: 7599009815076498713, guid: eeb688f47bc56c942aaee401edf187ec, type: 3}
      propertyPath: m_LocalEulerAnglesHint.x
      value: 0
      objectReference: {fileID: 0}
    - target: {fileID: 7599009815076498713, guid: eeb688f47bc56c942aaee401edf187ec, type: 3}
      propertyPath: m_LocalEulerAnglesHint.y
      value: 0
      objectReference: {fileID: 0}
    - target: {fileID: 7599009815076498713, guid: eeb688f47bc56c942aaee401edf187ec, type: 3}
      propertyPath: m_LocalEulerAnglesHint.z
      value: 0
      objectReference: {fileID: 0}
    m_RemovedComponents: []
  m_SourcePrefab: {fileID: 100100000, guid: eeb688f47bc56c942aaee401edf187ec, type: 3}
--- !u!4 &7869000611239742826 stripped
Transform:
  m_CorrespondingSourceObject: {fileID: 7599009815076498713, guid: eeb688f47bc56c942aaee401edf187ec, type: 3}
  m_PrefabInstance: {fileID: 306620220738478195}
  m_PrefabAsset: {fileID: 0}
--- !u!1001 &476082009595900496
PrefabInstance:
  m_ObjectHideFlags: 0
  serializedVersion: 2
  m_Modification:
    m_TransformParent: {fileID: 5516175871614762310}
    m_Modifications:
    - target: {fileID: 91879867, guid: 87abedd3113be674faabf73706021bb0, type: 3}
      propertyPath: m_Name
      value: Bottle_06
      objectReference: {fileID: 0}
    - target: {fileID: 91879867, guid: 87abedd3113be674faabf73706021bb0, type: 3}
      propertyPath: m_IsActive
      value: 0
      objectReference: {fileID: 0}
    - target: {fileID: 3941083753153746713, guid: 87abedd3113be674faabf73706021bb0, type: 3}
      propertyPath: m_RootOrder
      value: 19
      objectReference: {fileID: 0}
    - target: {fileID: 3941083753153746713, guid: 87abedd3113be674faabf73706021bb0, type: 3}
      propertyPath: m_LocalPosition.x
      value: 0
      objectReference: {fileID: 0}
    - target: {fileID: 3941083753153746713, guid: 87abedd3113be674faabf73706021bb0, type: 3}
      propertyPath: m_LocalPosition.y
      value: 0
      objectReference: {fileID: 0}
    - target: {fileID: 3941083753153746713, guid: 87abedd3113be674faabf73706021bb0, type: 3}
      propertyPath: m_LocalPosition.z
      value: 0
      objectReference: {fileID: 0}
    - target: {fileID: 3941083753153746713, guid: 87abedd3113be674faabf73706021bb0, type: 3}
      propertyPath: m_LocalRotation.w
      value: 1
      objectReference: {fileID: 0}
    - target: {fileID: 3941083753153746713, guid: 87abedd3113be674faabf73706021bb0, type: 3}
      propertyPath: m_LocalRotation.x
      value: 0
      objectReference: {fileID: 0}
    - target: {fileID: 3941083753153746713, guid: 87abedd3113be674faabf73706021bb0, type: 3}
      propertyPath: m_LocalRotation.y
      value: -0
      objectReference: {fileID: 0}
    - target: {fileID: 3941083753153746713, guid: 87abedd3113be674faabf73706021bb0, type: 3}
      propertyPath: m_LocalRotation.z
      value: -0
      objectReference: {fileID: 0}
    - target: {fileID: 3941083753153746713, guid: 87abedd3113be674faabf73706021bb0, type: 3}
      propertyPath: m_LocalEulerAnglesHint.x
      value: 0
      objectReference: {fileID: 0}
    - target: {fileID: 3941083753153746713, guid: 87abedd3113be674faabf73706021bb0, type: 3}
      propertyPath: m_LocalEulerAnglesHint.y
      value: 0
      objectReference: {fileID: 0}
    - target: {fileID: 3941083753153746713, guid: 87abedd3113be674faabf73706021bb0, type: 3}
      propertyPath: m_LocalEulerAnglesHint.z
      value: 0
      objectReference: {fileID: 0}
    m_RemovedComponents: []
  m_SourcePrefab: {fileID: 100100000, guid: 87abedd3113be674faabf73706021bb0, type: 3}
--- !u!4 &3470842487069746505 stripped
Transform:
  m_CorrespondingSourceObject: {fileID: 3941083753153746713, guid: 87abedd3113be674faabf73706021bb0, type: 3}
  m_PrefabInstance: {fileID: 476082009595900496}
  m_PrefabAsset: {fileID: 0}
--- !u!1001 &648110933072405761
PrefabInstance:
  m_ObjectHideFlags: 0
  serializedVersion: 2
  m_Modification:
    m_TransformParent: {fileID: 5516175871614762310}
    m_Modifications:
    - target: {fileID: 1704893301, guid: 60bb991efbe0e4348ab1b4c8b36b72c8, type: 3}
      propertyPath: m_Name
      value: Bed_02
      objectReference: {fileID: 0}
    - target: {fileID: 1704893301, guid: 60bb991efbe0e4348ab1b4c8b36b72c8, type: 3}
      propertyPath: m_IsActive
      value: 0
      objectReference: {fileID: 0}
    - target: {fileID: 2688644280529623645, guid: 60bb991efbe0e4348ab1b4c8b36b72c8, type: 3}
      propertyPath: m_RootOrder
      value: 6
      objectReference: {fileID: 0}
    - target: {fileID: 2688644280529623645, guid: 60bb991efbe0e4348ab1b4c8b36b72c8, type: 3}
      propertyPath: m_LocalPosition.x
      value: 0
      objectReference: {fileID: 0}
    - target: {fileID: 2688644280529623645, guid: 60bb991efbe0e4348ab1b4c8b36b72c8, type: 3}
      propertyPath: m_LocalPosition.y
      value: 0
      objectReference: {fileID: 0}
    - target: {fileID: 2688644280529623645, guid: 60bb991efbe0e4348ab1b4c8b36b72c8, type: 3}
      propertyPath: m_LocalPosition.z
      value: 0
      objectReference: {fileID: 0}
    - target: {fileID: 2688644280529623645, guid: 60bb991efbe0e4348ab1b4c8b36b72c8, type: 3}
      propertyPath: m_LocalRotation.w
      value: 1
      objectReference: {fileID: 0}
    - target: {fileID: 2688644280529623645, guid: 60bb991efbe0e4348ab1b4c8b36b72c8, type: 3}
      propertyPath: m_LocalRotation.x
      value: 0
      objectReference: {fileID: 0}
    - target: {fileID: 2688644280529623645, guid: 60bb991efbe0e4348ab1b4c8b36b72c8, type: 3}
      propertyPath: m_LocalRotation.y
      value: -0
      objectReference: {fileID: 0}
    - target: {fileID: 2688644280529623645, guid: 60bb991efbe0e4348ab1b4c8b36b72c8, type: 3}
      propertyPath: m_LocalRotation.z
      value: -0
      objectReference: {fileID: 0}
    - target: {fileID: 2688644280529623645, guid: 60bb991efbe0e4348ab1b4c8b36b72c8, type: 3}
      propertyPath: m_LocalEulerAnglesHint.x
      value: 0
      objectReference: {fileID: 0}
    - target: {fileID: 2688644280529623645, guid: 60bb991efbe0e4348ab1b4c8b36b72c8, type: 3}
      propertyPath: m_LocalEulerAnglesHint.y
      value: 0
      objectReference: {fileID: 0}
    - target: {fileID: 2688644280529623645, guid: 60bb991efbe0e4348ab1b4c8b36b72c8, type: 3}
      propertyPath: m_LocalEulerAnglesHint.z
      value: 0
      objectReference: {fileID: 0}
    m_RemovedComponents: []
  m_SourcePrefab: {fileID: 100100000, guid: 60bb991efbe0e4348ab1b4c8b36b72c8, type: 3}
--- !u!4 &3292543437513523036 stripped
Transform:
  m_CorrespondingSourceObject: {fileID: 2688644280529623645, guid: 60bb991efbe0e4348ab1b4c8b36b72c8, type: 3}
  m_PrefabInstance: {fileID: 648110933072405761}
  m_PrefabAsset: {fileID: 0}
--- !u!1001 &683840868114548928
PrefabInstance:
  m_ObjectHideFlags: 0
  serializedVersion: 2
  m_Modification:
    m_TransformParent: {fileID: 5516175871614762310}
    m_Modifications:
    - target: {fileID: 1353646887, guid: 4fa6eedebdb2f904d91ed6f3c4f510a3, type: 3}
      propertyPath: m_Name
      value: Bed_01
      objectReference: {fileID: 0}
    - target: {fileID: 1353646887, guid: 4fa6eedebdb2f904d91ed6f3c4f510a3, type: 3}
      propertyPath: m_IsActive
      value: 0
      objectReference: {fileID: 0}
    - target: {fileID: 4842294715176605356, guid: 4fa6eedebdb2f904d91ed6f3c4f510a3, type: 3}
      propertyPath: m_RootOrder
      value: 5
      objectReference: {fileID: 0}
    - target: {fileID: 4842294715176605356, guid: 4fa6eedebdb2f904d91ed6f3c4f510a3, type: 3}
      propertyPath: m_LocalPosition.x
      value: 0
      objectReference: {fileID: 0}
    - target: {fileID: 4842294715176605356, guid: 4fa6eedebdb2f904d91ed6f3c4f510a3, type: 3}
      propertyPath: m_LocalPosition.y
      value: 0
      objectReference: {fileID: 0}
    - target: {fileID: 4842294715176605356, guid: 4fa6eedebdb2f904d91ed6f3c4f510a3, type: 3}
      propertyPath: m_LocalPosition.z
      value: 0
      objectReference: {fileID: 0}
    - target: {fileID: 4842294715176605356, guid: 4fa6eedebdb2f904d91ed6f3c4f510a3, type: 3}
      propertyPath: m_LocalRotation.w
      value: 1
      objectReference: {fileID: 0}
    - target: {fileID: 4842294715176605356, guid: 4fa6eedebdb2f904d91ed6f3c4f510a3, type: 3}
      propertyPath: m_LocalRotation.x
      value: 0
      objectReference: {fileID: 0}
    - target: {fileID: 4842294715176605356, guid: 4fa6eedebdb2f904d91ed6f3c4f510a3, type: 3}
      propertyPath: m_LocalRotation.y
      value: -0
      objectReference: {fileID: 0}
    - target: {fileID: 4842294715176605356, guid: 4fa6eedebdb2f904d91ed6f3c4f510a3, type: 3}
      propertyPath: m_LocalRotation.z
      value: -0
      objectReference: {fileID: 0}
    - target: {fileID: 4842294715176605356, guid: 4fa6eedebdb2f904d91ed6f3c4f510a3, type: 3}
      propertyPath: m_LocalEulerAnglesHint.x
      value: 0
      objectReference: {fileID: 0}
    - target: {fileID: 4842294715176605356, guid: 4fa6eedebdb2f904d91ed6f3c4f510a3, type: 3}
      propertyPath: m_LocalEulerAnglesHint.y
      value: 0
      objectReference: {fileID: 0}
    - target: {fileID: 4842294715176605356, guid: 4fa6eedebdb2f904d91ed6f3c4f510a3, type: 3}
      propertyPath: m_LocalEulerAnglesHint.z
      value: 0
      objectReference: {fileID: 0}
    m_RemovedComponents: []
  m_SourcePrefab: {fileID: 100100000, guid: 4fa6eedebdb2f904d91ed6f3c4f510a3, type: 3}
--- !u!4 &5354275032820784748 stripped
Transform:
  m_CorrespondingSourceObject: {fileID: 4842294715176605356, guid: 4fa6eedebdb2f904d91ed6f3c4f510a3, type: 3}
  m_PrefabInstance: {fileID: 683840868114548928}
  m_PrefabAsset: {fileID: 0}
--- !u!1001 &994985390863329353
PrefabInstance:
  m_ObjectHideFlags: 0
  serializedVersion: 2
  m_Modification:
    m_TransformParent: {fileID: 5516175871614762310}
    m_Modifications:
    - target: {fileID: 6211450311028268931, guid: 0b458c18149f2754abf52ea3f691de03, type: 3}
      propertyPath: m_Name
      value: Chair_06
      objectReference: {fileID: 0}
    - target: {fileID: 6211450311028268931, guid: 0b458c18149f2754abf52ea3f691de03, type: 3}
      propertyPath: m_IsActive
      value: 0
      objectReference: {fileID: 0}
    - target: {fileID: 6381728135989309239, guid: 0b458c18149f2754abf52ea3f691de03, type: 3}
      propertyPath: m_RootOrder
      value: 23
      objectReference: {fileID: 0}
    - target: {fileID: 6381728135989309239, guid: 0b458c18149f2754abf52ea3f691de03, type: 3}
      propertyPath: m_LocalPosition.x
      value: 0
      objectReference: {fileID: 0}
    - target: {fileID: 6381728135989309239, guid: 0b458c18149f2754abf52ea3f691de03, type: 3}
      propertyPath: m_LocalPosition.y
      value: 0
      objectReference: {fileID: 0}
    - target: {fileID: 6381728135989309239, guid: 0b458c18149f2754abf52ea3f691de03, type: 3}
      propertyPath: m_LocalPosition.z
      value: 0
      objectReference: {fileID: 0}
    - target: {fileID: 6381728135989309239, guid: 0b458c18149f2754abf52ea3f691de03, type: 3}
      propertyPath: m_LocalRotation.w
      value: 1
      objectReference: {fileID: 0}
    - target: {fileID: 6381728135989309239, guid: 0b458c18149f2754abf52ea3f691de03, type: 3}
      propertyPath: m_LocalRotation.x
      value: -0
      objectReference: {fileID: 0}
    - target: {fileID: 6381728135989309239, guid: 0b458c18149f2754abf52ea3f691de03, type: 3}
      propertyPath: m_LocalRotation.y
      value: -0
      objectReference: {fileID: 0}
    - target: {fileID: 6381728135989309239, guid: 0b458c18149f2754abf52ea3f691de03, type: 3}
      propertyPath: m_LocalRotation.z
      value: -0
      objectReference: {fileID: 0}
    - target: {fileID: 6381728135989309239, guid: 0b458c18149f2754abf52ea3f691de03, type: 3}
      propertyPath: m_LocalEulerAnglesHint.x
      value: 0
      objectReference: {fileID: 0}
    - target: {fileID: 6381728135989309239, guid: 0b458c18149f2754abf52ea3f691de03, type: 3}
      propertyPath: m_LocalEulerAnglesHint.y
      value: 0
      objectReference: {fileID: 0}
    - target: {fileID: 6381728135989309239, guid: 0b458c18149f2754abf52ea3f691de03, type: 3}
      propertyPath: m_LocalEulerAnglesHint.z
      value: 0
      objectReference: {fileID: 0}
    m_RemovedComponents: []
  m_SourcePrefab: {fileID: 100100000, guid: 0b458c18149f2754abf52ea3f691de03, type: 3}
--- !u!4 &6151519194444629886 stripped
Transform:
  m_CorrespondingSourceObject: {fileID: 6381728135989309239, guid: 0b458c18149f2754abf52ea3f691de03, type: 3}
  m_PrefabInstance: {fileID: 994985390863329353}
  m_PrefabAsset: {fileID: 0}
--- !u!1001 &1504855640973522637
PrefabInstance:
  m_ObjectHideFlags: 0
  serializedVersion: 2
  m_Modification:
    m_TransformParent: {fileID: 5516175871614762310}
    m_Modifications:
    - target: {fileID: 951352385, guid: ce6c69efff77b7641b6888ceffacc8a8, type: 3}
      propertyPath: m_Name
      value: Bottle_04
      objectReference: {fileID: 0}
    - target: {fileID: 951352385, guid: ce6c69efff77b7641b6888ceffacc8a8, type: 3}
      propertyPath: m_IsActive
      value: 0
      objectReference: {fileID: 0}
    - target: {fileID: 146221154517667762, guid: ce6c69efff77b7641b6888ceffacc8a8, type: 3}
      propertyPath: m_RootOrder
      value: 17
      objectReference: {fileID: 0}
    - target: {fileID: 146221154517667762, guid: ce6c69efff77b7641b6888ceffacc8a8, type: 3}
      propertyPath: m_LocalPosition.x
      value: 0
      objectReference: {fileID: 0}
    - target: {fileID: 146221154517667762, guid: ce6c69efff77b7641b6888ceffacc8a8, type: 3}
      propertyPath: m_LocalPosition.y
      value: 0
      objectReference: {fileID: 0}
    - target: {fileID: 146221154517667762, guid: ce6c69efff77b7641b6888ceffacc8a8, type: 3}
      propertyPath: m_LocalPosition.z
      value: 0
      objectReference: {fileID: 0}
    - target: {fileID: 146221154517667762, guid: ce6c69efff77b7641b6888ceffacc8a8, type: 3}
      propertyPath: m_LocalRotation.w
      value: 1
      objectReference: {fileID: 0}
    - target: {fileID: 146221154517667762, guid: ce6c69efff77b7641b6888ceffacc8a8, type: 3}
      propertyPath: m_LocalRotation.x
      value: 0
      objectReference: {fileID: 0}
    - target: {fileID: 146221154517667762, guid: ce6c69efff77b7641b6888ceffacc8a8, type: 3}
      propertyPath: m_LocalRotation.y
      value: -0
      objectReference: {fileID: 0}
    - target: {fileID: 146221154517667762, guid: ce6c69efff77b7641b6888ceffacc8a8, type: 3}
      propertyPath: m_LocalRotation.z
      value: -0
      objectReference: {fileID: 0}
    - target: {fileID: 146221154517667762, guid: ce6c69efff77b7641b6888ceffacc8a8, type: 3}
      propertyPath: m_LocalEulerAnglesHint.x
      value: 0
      objectReference: {fileID: 0}
    - target: {fileID: 146221154517667762, guid: ce6c69efff77b7641b6888ceffacc8a8, type: 3}
      propertyPath: m_LocalEulerAnglesHint.y
      value: 0
      objectReference: {fileID: 0}
    - target: {fileID: 146221154517667762, guid: ce6c69efff77b7641b6888ceffacc8a8, type: 3}
      propertyPath: m_LocalEulerAnglesHint.z
      value: 0
      objectReference: {fileID: 0}
    m_RemovedComponents: []
  m_SourcePrefab: {fileID: 100100000, guid: ce6c69efff77b7641b6888ceffacc8a8, type: 3}
--- !u!4 &1649770360789563775 stripped
Transform:
  m_CorrespondingSourceObject: {fileID: 146221154517667762, guid: ce6c69efff77b7641b6888ceffacc8a8, type: 3}
  m_PrefabInstance: {fileID: 1504855640973522637}
  m_PrefabAsset: {fileID: 0}
--- !u!1001 &2231876033040176103
PrefabInstance:
  m_ObjectHideFlags: 0
  serializedVersion: 2
  m_Modification:
    m_TransformParent: {fileID: 5516175871614762310}
    m_Modifications:
    - target: {fileID: 2167474435190666702, guid: e9f7f73b83998cc48b242e35b5dd2fc5, type: 3}
      propertyPath: m_Name
      value: Chair_02
      objectReference: {fileID: 0}
    - target: {fileID: 2167474435190666702, guid: e9f7f73b83998cc48b242e35b5dd2fc5, type: 3}
      propertyPath: m_IsActive
      value: 0
      objectReference: {fileID: 0}
    - target: {fileID: 4982826990966845199, guid: e9f7f73b83998cc48b242e35b5dd2fc5, type: 3}
      propertyPath: m_RootOrder
      value: 12
      objectReference: {fileID: 0}
    - target: {fileID: 4982826990966845199, guid: e9f7f73b83998cc48b242e35b5dd2fc5, type: 3}
      propertyPath: m_LocalPosition.x
      value: 0
      objectReference: {fileID: 0}
    - target: {fileID: 4982826990966845199, guid: e9f7f73b83998cc48b242e35b5dd2fc5, type: 3}
      propertyPath: m_LocalPosition.y
      value: 0
      objectReference: {fileID: 0}
    - target: {fileID: 4982826990966845199, guid: e9f7f73b83998cc48b242e35b5dd2fc5, type: 3}
      propertyPath: m_LocalPosition.z
      value: 0
      objectReference: {fileID: 0}
    - target: {fileID: 4982826990966845199, guid: e9f7f73b83998cc48b242e35b5dd2fc5, type: 3}
      propertyPath: m_LocalRotation.w
      value: 1
      objectReference: {fileID: 0}
    - target: {fileID: 4982826990966845199, guid: e9f7f73b83998cc48b242e35b5dd2fc5, type: 3}
      propertyPath: m_LocalRotation.x
      value: -0
      objectReference: {fileID: 0}
    - target: {fileID: 4982826990966845199, guid: e9f7f73b83998cc48b242e35b5dd2fc5, type: 3}
      propertyPath: m_LocalRotation.y
      value: -0
      objectReference: {fileID: 0}
    - target: {fileID: 4982826990966845199, guid: e9f7f73b83998cc48b242e35b5dd2fc5, type: 3}
      propertyPath: m_LocalRotation.z
      value: -0
      objectReference: {fileID: 0}
    - target: {fileID: 4982826990966845199, guid: e9f7f73b83998cc48b242e35b5dd2fc5, type: 3}
      propertyPath: m_LocalEulerAnglesHint.x
      value: 0
      objectReference: {fileID: 0}
    - target: {fileID: 4982826990966845199, guid: e9f7f73b83998cc48b242e35b5dd2fc5, type: 3}
      propertyPath: m_LocalEulerAnglesHint.y
      value: 0
      objectReference: {fileID: 0}
    - target: {fileID: 4982826990966845199, guid: e9f7f73b83998cc48b242e35b5dd2fc5, type: 3}
      propertyPath: m_LocalEulerAnglesHint.z
      value: 0
      objectReference: {fileID: 0}
    m_RemovedComponents: []
  m_SourcePrefab: {fileID: 100100000, guid: e9f7f73b83998cc48b242e35b5dd2fc5, type: 3}
--- !u!4 &6620214292373306600 stripped
Transform:
  m_CorrespondingSourceObject: {fileID: 4982826990966845199, guid: e9f7f73b83998cc48b242e35b5dd2fc5, type: 3}
  m_PrefabInstance: {fileID: 2231876033040176103}
  m_PrefabAsset: {fileID: 0}
--- !u!1001 &2263987749067978424
PrefabInstance:
  m_ObjectHideFlags: 0
  serializedVersion: 2
  m_Modification:
    m_TransformParent: {fileID: 5516175871614762310}
    m_Modifications:
    - target: {fileID: 2033437617, guid: 1777638ab320ec74ab40a12ddbe0f759, type: 3}
      propertyPath: m_Name
      value: Candle_01
      objectReference: {fileID: 0}
    - target: {fileID: 2033437617, guid: 1777638ab320ec74ab40a12ddbe0f759, type: 3}
      propertyPath: m_IsActive
      value: 0
      objectReference: {fileID: 0}
    - target: {fileID: 5440439761529043953, guid: 1777638ab320ec74ab40a12ddbe0f759, type: 3}
      propertyPath: m_RootOrder
      value: 0
      objectReference: {fileID: 0}
    - target: {fileID: 5440439761529043953, guid: 1777638ab320ec74ab40a12ddbe0f759, type: 3}
      propertyPath: m_LocalPosition.x
      value: 0
      objectReference: {fileID: 0}
    - target: {fileID: 5440439761529043953, guid: 1777638ab320ec74ab40a12ddbe0f759, type: 3}
      propertyPath: m_LocalPosition.y
      value: 0
      objectReference: {fileID: 0}
    - target: {fileID: 5440439761529043953, guid: 1777638ab320ec74ab40a12ddbe0f759, type: 3}
      propertyPath: m_LocalPosition.z
      value: 0
      objectReference: {fileID: 0}
    - target: {fileID: 5440439761529043953, guid: 1777638ab320ec74ab40a12ddbe0f759, type: 3}
      propertyPath: m_LocalRotation.w
      value: 1
      objectReference: {fileID: 0}
    - target: {fileID: 5440439761529043953, guid: 1777638ab320ec74ab40a12ddbe0f759, type: 3}
      propertyPath: m_LocalRotation.x
      value: 0
      objectReference: {fileID: 0}
    - target: {fileID: 5440439761529043953, guid: 1777638ab320ec74ab40a12ddbe0f759, type: 3}
      propertyPath: m_LocalRotation.y
      value: -0
      objectReference: {fileID: 0}
    - target: {fileID: 5440439761529043953, guid: 1777638ab320ec74ab40a12ddbe0f759, type: 3}
      propertyPath: m_LocalRotation.z
      value: -0
      objectReference: {fileID: 0}
    - target: {fileID: 5440439761529043953, guid: 1777638ab320ec74ab40a12ddbe0f759, type: 3}
      propertyPath: m_LocalEulerAnglesHint.x
      value: 0
      objectReference: {fileID: 0}
    - target: {fileID: 5440439761529043953, guid: 1777638ab320ec74ab40a12ddbe0f759, type: 3}
      propertyPath: m_LocalEulerAnglesHint.y
      value: 0
      objectReference: {fileID: 0}
    - target: {fileID: 5440439761529043953, guid: 1777638ab320ec74ab40a12ddbe0f759, type: 3}
      propertyPath: m_LocalEulerAnglesHint.z
      value: 0
      objectReference: {fileID: 0}
    m_RemovedComponents: []
  m_SourcePrefab: {fileID: 100100000, guid: 1777638ab320ec74ab40a12ddbe0f759, type: 3}
--- !u!4 &6119019701890780489 stripped
Transform:
  m_CorrespondingSourceObject: {fileID: 5440439761529043953, guid: 1777638ab320ec74ab40a12ddbe0f759, type: 3}
  m_PrefabInstance: {fileID: 2263987749067978424}
  m_PrefabAsset: {fileID: 0}
--- !u!1001 &2904344884390679087
PrefabInstance:
  m_ObjectHideFlags: 0
  serializedVersion: 2
  m_Modification:
    m_TransformParent: {fileID: 5516175871614762310}
    m_Modifications:
    - target: {fileID: 89295695338238947, guid: f31f40d66cb5700428028a4bde0389da, type: 3}
      propertyPath: m_Name
      value: Chair_03
      objectReference: {fileID: 0}
    - target: {fileID: 89295695338238947, guid: f31f40d66cb5700428028a4bde0389da, type: 3}
      propertyPath: m_IsActive
      value: 0
      objectReference: {fileID: 0}
    - target: {fileID: 4560730001325703883, guid: f31f40d66cb5700428028a4bde0389da, type: 3}
      propertyPath: m_RootOrder
      value: 13
      objectReference: {fileID: 0}
    - target: {fileID: 4560730001325703883, guid: f31f40d66cb5700428028a4bde0389da, type: 3}
      propertyPath: m_LocalPosition.x
      value: 0
      objectReference: {fileID: 0}
    - target: {fileID: 4560730001325703883, guid: f31f40d66cb5700428028a4bde0389da, type: 3}
      propertyPath: m_LocalPosition.y
      value: 0
      objectReference: {fileID: 0}
    - target: {fileID: 4560730001325703883, guid: f31f40d66cb5700428028a4bde0389da, type: 3}
      propertyPath: m_LocalPosition.z
      value: 0
      objectReference: {fileID: 0}
    - target: {fileID: 4560730001325703883, guid: f31f40d66cb5700428028a4bde0389da, type: 3}
      propertyPath: m_LocalRotation.w
      value: 1
      objectReference: {fileID: 0}
    - target: {fileID: 4560730001325703883, guid: f31f40d66cb5700428028a4bde0389da, type: 3}
      propertyPath: m_LocalRotation.x
      value: -0
      objectReference: {fileID: 0}
    - target: {fileID: 4560730001325703883, guid: f31f40d66cb5700428028a4bde0389da, type: 3}
      propertyPath: m_LocalRotation.y
      value: -0
      objectReference: {fileID: 0}
    - target: {fileID: 4560730001325703883, guid: f31f40d66cb5700428028a4bde0389da, type: 3}
      propertyPath: m_LocalRotation.z
      value: -0
      objectReference: {fileID: 0}
    - target: {fileID: 4560730001325703883, guid: f31f40d66cb5700428028a4bde0389da, type: 3}
      propertyPath: m_LocalEulerAnglesHint.x
      value: 0
      objectReference: {fileID: 0}
    - target: {fileID: 4560730001325703883, guid: f31f40d66cb5700428028a4bde0389da, type: 3}
      propertyPath: m_LocalEulerAnglesHint.y
      value: 0
      objectReference: {fileID: 0}
    - target: {fileID: 4560730001325703883, guid: f31f40d66cb5700428028a4bde0389da, type: 3}
      propertyPath: m_LocalEulerAnglesHint.z
      value: 0
      objectReference: {fileID: 0}
    m_RemovedComponents: []
  m_SourcePrefab: {fileID: 100100000, guid: f31f40d66cb5700428028a4bde0389da, type: 3}
--- !u!4 &1658654579868831972 stripped
Transform:
  m_CorrespondingSourceObject: {fileID: 4560730001325703883, guid: f31f40d66cb5700428028a4bde0389da, type: 3}
  m_PrefabInstance: {fileID: 2904344884390679087}
  m_PrefabAsset: {fileID: 0}
--- !u!1001 &2910607155170328706
PrefabInstance:
  m_ObjectHideFlags: 0
  serializedVersion: 2
  m_Modification:
    m_TransformParent: {fileID: 5516175871614762310}
    m_Modifications:
    - target: {fileID: 1412897412, guid: 4de439ba8a22e074f96d50a751c29ff9, type: 3}
      propertyPath: m_Name
      value: Bottle_07
      objectReference: {fileID: 0}
    - target: {fileID: 1412897412, guid: 4de439ba8a22e074f96d50a751c29ff9, type: 3}
      propertyPath: m_IsActive
      value: 0
      objectReference: {fileID: 0}
    - target: {fileID: 6213656352726093817, guid: 4de439ba8a22e074f96d50a751c29ff9, type: 3}
      propertyPath: m_RootOrder
      value: 20
      objectReference: {fileID: 0}
    - target: {fileID: 6213656352726093817, guid: 4de439ba8a22e074f96d50a751c29ff9, type: 3}
      propertyPath: m_LocalPosition.x
      value: 0
      objectReference: {fileID: 0}
    - target: {fileID: 6213656352726093817, guid: 4de439ba8a22e074f96d50a751c29ff9, type: 3}
      propertyPath: m_LocalPosition.y
      value: 0
      objectReference: {fileID: 0}
    - target: {fileID: 6213656352726093817, guid: 4de439ba8a22e074f96d50a751c29ff9, type: 3}
      propertyPath: m_LocalPosition.z
      value: 0
      objectReference: {fileID: 0}
    - target: {fileID: 6213656352726093817, guid: 4de439ba8a22e074f96d50a751c29ff9, type: 3}
      propertyPath: m_LocalRotation.w
      value: 1
      objectReference: {fileID: 0}
    - target: {fileID: 6213656352726093817, guid: 4de439ba8a22e074f96d50a751c29ff9, type: 3}
      propertyPath: m_LocalRotation.x
      value: 0
      objectReference: {fileID: 0}
    - target: {fileID: 6213656352726093817, guid: 4de439ba8a22e074f96d50a751c29ff9, type: 3}
      propertyPath: m_LocalRotation.y
      value: -0
      objectReference: {fileID: 0}
    - target: {fileID: 6213656352726093817, guid: 4de439ba8a22e074f96d50a751c29ff9, type: 3}
      propertyPath: m_LocalRotation.z
      value: -0
      objectReference: {fileID: 0}
    - target: {fileID: 6213656352726093817, guid: 4de439ba8a22e074f96d50a751c29ff9, type: 3}
      propertyPath: m_LocalEulerAnglesHint.x
      value: 0
      objectReference: {fileID: 0}
    - target: {fileID: 6213656352726093817, guid: 4de439ba8a22e074f96d50a751c29ff9, type: 3}
      propertyPath: m_LocalEulerAnglesHint.y
      value: 0
      objectReference: {fileID: 0}
    - target: {fileID: 6213656352726093817, guid: 4de439ba8a22e074f96d50a751c29ff9, type: 3}
      propertyPath: m_LocalEulerAnglesHint.z
      value: 0
      objectReference: {fileID: 0}
    m_RemovedComponents: []
  m_SourcePrefab: {fileID: 100100000, guid: 4de439ba8a22e074f96d50a751c29ff9, type: 3}
--- !u!4 &9106236945619865467 stripped
Transform:
  m_CorrespondingSourceObject: {fileID: 6213656352726093817, guid: 4de439ba8a22e074f96d50a751c29ff9, type: 3}
  m_PrefabInstance: {fileID: 2910607155170328706}
  m_PrefabAsset: {fileID: 0}
--- !u!1001 &3725155677499513673
PrefabInstance:
  m_ObjectHideFlags: 0
  serializedVersion: 2
  m_Modification:
    m_TransformParent: {fileID: 5516175871614762310}
    m_Modifications:
    - target: {fileID: 1979851980, guid: 019f11d994b81bb4ca1512984dec22cc, type: 3}
      propertyPath: m_Name
      value: Candle_02
      objectReference: {fileID: 0}
    - target: {fileID: 1979851980, guid: 019f11d994b81bb4ca1512984dec22cc, type: 3}
      propertyPath: m_IsActive
      value: 0
      objectReference: {fileID: 0}
    - target: {fileID: 3334052062378923669, guid: 019f11d994b81bb4ca1512984dec22cc, type: 3}
      propertyPath: m_RootOrder
      value: 1
      objectReference: {fileID: 0}
    - target: {fileID: 3334052062378923669, guid: 019f11d994b81bb4ca1512984dec22cc, type: 3}
      propertyPath: m_LocalPosition.x
      value: 0
      objectReference: {fileID: 0}
    - target: {fileID: 3334052062378923669, guid: 019f11d994b81bb4ca1512984dec22cc, type: 3}
      propertyPath: m_LocalPosition.y
      value: 0
      objectReference: {fileID: 0}
    - target: {fileID: 3334052062378923669, guid: 019f11d994b81bb4ca1512984dec22cc, type: 3}
      propertyPath: m_LocalPosition.z
      value: 0
      objectReference: {fileID: 0}
    - target: {fileID: 3334052062378923669, guid: 019f11d994b81bb4ca1512984dec22cc, type: 3}
      propertyPath: m_LocalRotation.w
      value: 1
      objectReference: {fileID: 0}
    - target: {fileID: 3334052062378923669, guid: 019f11d994b81bb4ca1512984dec22cc, type: 3}
      propertyPath: m_LocalRotation.x
      value: 0
      objectReference: {fileID: 0}
    - target: {fileID: 3334052062378923669, guid: 019f11d994b81bb4ca1512984dec22cc, type: 3}
      propertyPath: m_LocalRotation.y
      value: -0
      objectReference: {fileID: 0}
    - target: {fileID: 3334052062378923669, guid: 019f11d994b81bb4ca1512984dec22cc, type: 3}
      propertyPath: m_LocalRotation.z
      value: -0
      objectReference: {fileID: 0}
    - target: {fileID: 3334052062378923669, guid: 019f11d994b81bb4ca1512984dec22cc, type: 3}
      propertyPath: m_LocalEulerAnglesHint.x
      value: 0
      objectReference: {fileID: 0}
    - target: {fileID: 3334052062378923669, guid: 019f11d994b81bb4ca1512984dec22cc, type: 3}
      propertyPath: m_LocalEulerAnglesHint.y
      value: 0
      objectReference: {fileID: 0}
    - target: {fileID: 3334052062378923669, guid: 019f11d994b81bb4ca1512984dec22cc, type: 3}
      propertyPath: m_LocalEulerAnglesHint.z
      value: 0
      objectReference: {fileID: 0}
    m_RemovedComponents: []
  m_SourcePrefab: {fileID: 100100000, guid: 019f11d994b81bb4ca1512984dec22cc, type: 3}
--- !u!4 &2159062560704450012 stripped
Transform:
  m_CorrespondingSourceObject: {fileID: 3334052062378923669, guid: 019f11d994b81bb4ca1512984dec22cc, type: 3}
  m_PrefabInstance: {fileID: 3725155677499513673}
  m_PrefabAsset: {fileID: 0}
--- !u!1001 &3913284700489041814
PrefabInstance:
  m_ObjectHideFlags: 0
  serializedVersion: 2
  m_Modification:
    m_TransformParent: {fileID: 5516175871614762310}
    m_Modifications:
    - target: {fileID: 366285910, guid: a9fca9d59dad6de41bc33c078b7827fc, type: 3}
      propertyPath: m_Name
      value: Bed_04
      objectReference: {fileID: 0}
    - target: {fileID: 366285910, guid: a9fca9d59dad6de41bc33c078b7827fc, type: 3}
      propertyPath: m_IsActive
      value: 0
      objectReference: {fileID: 0}
    - target: {fileID: 1554798911661202105, guid: a9fca9d59dad6de41bc33c078b7827fc, type: 3}
      propertyPath: m_RootOrder
      value: 8
      objectReference: {fileID: 0}
    - target: {fileID: 1554798911661202105, guid: a9fca9d59dad6de41bc33c078b7827fc, type: 3}
      propertyPath: m_LocalPosition.x
      value: 0
      objectReference: {fileID: 0}
    - target: {fileID: 1554798911661202105, guid: a9fca9d59dad6de41bc33c078b7827fc, type: 3}
      propertyPath: m_LocalPosition.y
      value: 0
      objectReference: {fileID: 0}
    - target: {fileID: 1554798911661202105, guid: a9fca9d59dad6de41bc33c078b7827fc, type: 3}
      propertyPath: m_LocalPosition.z
      value: 0
      objectReference: {fileID: 0}
    - target: {fileID: 1554798911661202105, guid: a9fca9d59dad6de41bc33c078b7827fc, type: 3}
      propertyPath: m_LocalRotation.w
      value: 1
      objectReference: {fileID: 0}
    - target: {fileID: 1554798911661202105, guid: a9fca9d59dad6de41bc33c078b7827fc, type: 3}
      propertyPath: m_LocalRotation.x
      value: 0
      objectReference: {fileID: 0}
    - target: {fileID: 1554798911661202105, guid: a9fca9d59dad6de41bc33c078b7827fc, type: 3}
      propertyPath: m_LocalRotation.y
      value: -0
      objectReference: {fileID: 0}
    - target: {fileID: 1554798911661202105, guid: a9fca9d59dad6de41bc33c078b7827fc, type: 3}
      propertyPath: m_LocalRotation.z
      value: -0
      objectReference: {fileID: 0}
    - target: {fileID: 1554798911661202105, guid: a9fca9d59dad6de41bc33c078b7827fc, type: 3}
      propertyPath: m_LocalEulerAnglesHint.x
      value: 0
      objectReference: {fileID: 0}
    - target: {fileID: 1554798911661202105, guid: a9fca9d59dad6de41bc33c078b7827fc, type: 3}
      propertyPath: m_LocalEulerAnglesHint.y
      value: 0
      objectReference: {fileID: 0}
    - target: {fileID: 1554798911661202105, guid: a9fca9d59dad6de41bc33c078b7827fc, type: 3}
      propertyPath: m_LocalEulerAnglesHint.z
      value: 0
      objectReference: {fileID: 0}
    m_RemovedComponents: []
  m_SourcePrefab: {fileID: 100100000, guid: a9fca9d59dad6de41bc33c078b7827fc, type: 3}
--- !u!4 &2584229375203613999 stripped
Transform:
  m_CorrespondingSourceObject: {fileID: 1554798911661202105, guid: a9fca9d59dad6de41bc33c078b7827fc, type: 3}
  m_PrefabInstance: {fileID: 3913284700489041814}
  m_PrefabAsset: {fileID: 0}
--- !u!1001 &4027827789253678819
PrefabInstance:
  m_ObjectHideFlags: 0
  serializedVersion: 2
  m_Modification:
    m_TransformParent: {fileID: 5516175871614762310}
    m_Modifications:
    - target: {fileID: 483099070112719652, guid: bf4714b4605a394488134de8baf4248a, type: 3}
      propertyPath: m_RootOrder
      value: 24
      objectReference: {fileID: 0}
    - target: {fileID: 483099070112719652, guid: bf4714b4605a394488134de8baf4248a, type: 3}
      propertyPath: m_LocalPosition.x
      value: 0
      objectReference: {fileID: 0}
    - target: {fileID: 483099070112719652, guid: bf4714b4605a394488134de8baf4248a, type: 3}
      propertyPath: m_LocalPosition.y
      value: 0
      objectReference: {fileID: 0}
    - target: {fileID: 483099070112719652, guid: bf4714b4605a394488134de8baf4248a, type: 3}
      propertyPath: m_LocalPosition.z
      value: 0
      objectReference: {fileID: 0}
    - target: {fileID: 483099070112719652, guid: bf4714b4605a394488134de8baf4248a, type: 3}
      propertyPath: m_LocalRotation.w
      value: 1
      objectReference: {fileID: 0}
    - target: {fileID: 483099070112719652, guid: bf4714b4605a394488134de8baf4248a, type: 3}
      propertyPath: m_LocalRotation.x
      value: -0
      objectReference: {fileID: 0}
    - target: {fileID: 483099070112719652, guid: bf4714b4605a394488134de8baf4248a, type: 3}
      propertyPath: m_LocalRotation.y
      value: -0
      objectReference: {fileID: 0}
    - target: {fileID: 483099070112719652, guid: bf4714b4605a394488134de8baf4248a, type: 3}
      propertyPath: m_LocalRotation.z
      value: -0
      objectReference: {fileID: 0}
    - target: {fileID: 483099070112719652, guid: bf4714b4605a394488134de8baf4248a, type: 3}
      propertyPath: m_LocalEulerAnglesHint.x
      value: 0
      objectReference: {fileID: 0}
    - target: {fileID: 483099070112719652, guid: bf4714b4605a394488134de8baf4248a, type: 3}
      propertyPath: m_LocalEulerAnglesHint.y
      value: 0
      objectReference: {fileID: 0}
    - target: {fileID: 483099070112719652, guid: bf4714b4605a394488134de8baf4248a, type: 3}
      propertyPath: m_LocalEulerAnglesHint.z
      value: 0
      objectReference: {fileID: 0}
    - target: {fileID: 658814056052263164, guid: bf4714b4605a394488134de8baf4248a, type: 3}
      propertyPath: m_Name
      value: Chair_04
      objectReference: {fileID: 0}
    - target: {fileID: 658814056052263164, guid: bf4714b4605a394488134de8baf4248a, type: 3}
      propertyPath: m_IsActive
      value: 0
      objectReference: {fileID: 0}
    m_RemovedComponents: []
  m_SourcePrefab: {fileID: 100100000, guid: bf4714b4605a394488134de8baf4248a, type: 3}
--- !u!4 &3553876683835209159 stripped
Transform:
  m_CorrespondingSourceObject: {fileID: 483099070112719652, guid: bf4714b4605a394488134de8baf4248a, type: 3}
  m_PrefabInstance: {fileID: 4027827789253678819}
  m_PrefabAsset: {fileID: 0}
--- !u!1001 &4243920628294257580
PrefabInstance:
  m_ObjectHideFlags: 0
  serializedVersion: 2
  m_Modification:
    m_TransformParent: {fileID: 5516175871614762310}
    m_Modifications:
    - target: {fileID: 1256009076, guid: 5a05f806672639c4d957cf15ddd3a65c, type: 3}
      propertyPath: m_Name
      value: Bottle_05
      objectReference: {fileID: 0}
    - target: {fileID: 1256009076, guid: 5a05f806672639c4d957cf15ddd3a65c, type: 3}
      propertyPath: m_IsActive
      value: 0
      objectReference: {fileID: 0}
    - target: {fileID: 677206812258028976, guid: 5a05f806672639c4d957cf15ddd3a65c, type: 3}
      propertyPath: m_RootOrder
      value: 18
      objectReference: {fileID: 0}
    - target: {fileID: 677206812258028976, guid: 5a05f806672639c4d957cf15ddd3a65c, type: 3}
      propertyPath: m_LocalPosition.x
      value: 0
      objectReference: {fileID: 0}
    - target: {fileID: 677206812258028976, guid: 5a05f806672639c4d957cf15ddd3a65c, type: 3}
      propertyPath: m_LocalPosition.y
      value: 0
      objectReference: {fileID: 0}
    - target: {fileID: 677206812258028976, guid: 5a05f806672639c4d957cf15ddd3a65c, type: 3}
      propertyPath: m_LocalPosition.z
      value: 0
      objectReference: {fileID: 0}
    - target: {fileID: 677206812258028976, guid: 5a05f806672639c4d957cf15ddd3a65c, type: 3}
      propertyPath: m_LocalRotation.w
      value: 1
      objectReference: {fileID: 0}
    - target: {fileID: 677206812258028976, guid: 5a05f806672639c4d957cf15ddd3a65c, type: 3}
      propertyPath: m_LocalRotation.x
      value: 0
      objectReference: {fileID: 0}
    - target: {fileID: 677206812258028976, guid: 5a05f806672639c4d957cf15ddd3a65c, type: 3}
      propertyPath: m_LocalRotation.y
      value: -0
      objectReference: {fileID: 0}
    - target: {fileID: 677206812258028976, guid: 5a05f806672639c4d957cf15ddd3a65c, type: 3}
      propertyPath: m_LocalRotation.z
      value: -0
      objectReference: {fileID: 0}
    - target: {fileID: 677206812258028976, guid: 5a05f806672639c4d957cf15ddd3a65c, type: 3}
      propertyPath: m_LocalEulerAnglesHint.x
      value: 0
      objectReference: {fileID: 0}
    - target: {fileID: 677206812258028976, guid: 5a05f806672639c4d957cf15ddd3a65c, type: 3}
      propertyPath: m_LocalEulerAnglesHint.y
      value: 0
      objectReference: {fileID: 0}
    - target: {fileID: 677206812258028976, guid: 5a05f806672639c4d957cf15ddd3a65c, type: 3}
      propertyPath: m_LocalEulerAnglesHint.z
      value: 0
      objectReference: {fileID: 0}
    m_RemovedComponents: []
  m_SourcePrefab: {fileID: 100100000, guid: 5a05f806672639c4d957cf15ddd3a65c, type: 3}
--- !u!4 &3711110483251807772 stripped
Transform:
  m_CorrespondingSourceObject: {fileID: 677206812258028976, guid: 5a05f806672639c4d957cf15ddd3a65c, type: 3}
  m_PrefabInstance: {fileID: 4243920628294257580}
  m_PrefabAsset: {fileID: 0}
--- !u!1001 &4815377282853024795
PrefabInstance:
  m_ObjectHideFlags: 0
  serializedVersion: 2
  m_Modification:
    m_TransformParent: {fileID: 5516175871614762310}
    m_Modifications:
    - target: {fileID: 917813894, guid: 860c18326e5b38647bd79217b5837097, type: 3}
      propertyPath: m_Name
      value: Bed_05
      objectReference: {fileID: 0}
    - target: {fileID: 947612154308284108, guid: 860c18326e5b38647bd79217b5837097, type: 3}
      propertyPath: m_RootOrder
      value: 9
      objectReference: {fileID: 0}
    - target: {fileID: 947612154308284108, guid: 860c18326e5b38647bd79217b5837097, type: 3}
      propertyPath: m_LocalPosition.x
      value: -1.268
      objectReference: {fileID: 0}
    - target: {fileID: 947612154308284108, guid: 860c18326e5b38647bd79217b5837097, type: 3}
      propertyPath: m_LocalPosition.y
      value: 0
      objectReference: {fileID: 0}
    - target: {fileID: 947612154308284108, guid: 860c18326e5b38647bd79217b5837097, type: 3}
      propertyPath: m_LocalPosition.z
      value: -0.008
      objectReference: {fileID: 0}
    - target: {fileID: 947612154308284108, guid: 860c18326e5b38647bd79217b5837097, type: 3}
      propertyPath: m_LocalRotation.w
      value: 1
      objectReference: {fileID: 0}
    - target: {fileID: 947612154308284108, guid: 860c18326e5b38647bd79217b5837097, type: 3}
      propertyPath: m_LocalRotation.x
      value: 0
      objectReference: {fileID: 0}
    - target: {fileID: 947612154308284108, guid: 860c18326e5b38647bd79217b5837097, type: 3}
      propertyPath: m_LocalRotation.y
      value: -0
      objectReference: {fileID: 0}
    - target: {fileID: 947612154308284108, guid: 860c18326e5b38647bd79217b5837097, type: 3}
      propertyPath: m_LocalRotation.z
      value: -0
      objectReference: {fileID: 0}
    - target: {fileID: 947612154308284108, guid: 860c18326e5b38647bd79217b5837097, type: 3}
      propertyPath: m_LocalEulerAnglesHint.x
      value: 0
      objectReference: {fileID: 0}
    - target: {fileID: 947612154308284108, guid: 860c18326e5b38647bd79217b5837097, type: 3}
      propertyPath: m_LocalEulerAnglesHint.y
      value: 0
      objectReference: {fileID: 0}
    - target: {fileID: 947612154308284108, guid: 860c18326e5b38647bd79217b5837097, type: 3}
      propertyPath: m_LocalEulerAnglesHint.z
      value: 0
      objectReference: {fileID: 0}
    m_RemovedComponents: []
  m_SourcePrefab: {fileID: 100100000, guid: 860c18326e5b38647bd79217b5837097, type: 3}
--- !u!4 &5761564194597239511 stripped
Transform:
  m_CorrespondingSourceObject: {fileID: 947612154308284108, guid: 860c18326e5b38647bd79217b5837097, type: 3}
  m_PrefabInstance: {fileID: 4815377282853024795}
  m_PrefabAsset: {fileID: 0}
--- !u!1001 &5136210898517579782
PrefabInstance:
  m_ObjectHideFlags: 0
  serializedVersion: 2
  m_Modification:
    m_TransformParent: {fileID: 5516175871614762310}
    m_Modifications:
    - target: {fileID: 3371383963182515921, guid: f1450ccef5c4cb140a1df2548734fdcc, type: 3}
      propertyPath: m_Name
      value: Chair_01
      objectReference: {fileID: 0}
    - target: {fileID: 3371383963182515921, guid: f1450ccef5c4cb140a1df2548734fdcc, type: 3}
      propertyPath: m_IsActive
      value: 0
      objectReference: {fileID: 0}
    - target: {fileID: 7300198399519733533, guid: f1450ccef5c4cb140a1df2548734fdcc, type: 3}
      propertyPath: m_RootOrder
      value: 11
      objectReference: {fileID: 0}
    - target: {fileID: 7300198399519733533, guid: f1450ccef5c4cb140a1df2548734fdcc, type: 3}
      propertyPath: m_LocalPosition.x
      value: 0
      objectReference: {fileID: 0}
    - target: {fileID: 7300198399519733533, guid: f1450ccef5c4cb140a1df2548734fdcc, type: 3}
      propertyPath: m_LocalPosition.y
      value: 0
      objectReference: {fileID: 0}
    - target: {fileID: 7300198399519733533, guid: f1450ccef5c4cb140a1df2548734fdcc, type: 3}
      propertyPath: m_LocalPosition.z
      value: 0
      objectReference: {fileID: 0}
    - target: {fileID: 7300198399519733533, guid: f1450ccef5c4cb140a1df2548734fdcc, type: 3}
      propertyPath: m_LocalRotation.w
      value: 1
      objectReference: {fileID: 0}
    - target: {fileID: 7300198399519733533, guid: f1450ccef5c4cb140a1df2548734fdcc, type: 3}
      propertyPath: m_LocalRotation.x
      value: -0
      objectReference: {fileID: 0}
    - target: {fileID: 7300198399519733533, guid: f1450ccef5c4cb140a1df2548734fdcc, type: 3}
      propertyPath: m_LocalRotation.y
      value: -0
      objectReference: {fileID: 0}
    - target: {fileID: 7300198399519733533, guid: f1450ccef5c4cb140a1df2548734fdcc, type: 3}
      propertyPath: m_LocalRotation.z
      value: -0
      objectReference: {fileID: 0}
    - target: {fileID: 7300198399519733533, guid: f1450ccef5c4cb140a1df2548734fdcc, type: 3}
      propertyPath: m_LocalEulerAnglesHint.x
      value: 0
      objectReference: {fileID: 0}
    - target: {fileID: 7300198399519733533, guid: f1450ccef5c4cb140a1df2548734fdcc, type: 3}
      propertyPath: m_LocalEulerAnglesHint.y
      value: 0
      objectReference: {fileID: 0}
    - target: {fileID: 7300198399519733533, guid: f1450ccef5c4cb140a1df2548734fdcc, type: 3}
      propertyPath: m_LocalEulerAnglesHint.z
      value: 0
      objectReference: {fileID: 0}
    m_RemovedComponents: []
  m_SourcePrefab: {fileID: 100100000, guid: f1450ccef5c4cb140a1df2548734fdcc, type: 3}
--- !u!4 &2452490773487087387 stripped
Transform:
  m_CorrespondingSourceObject: {fileID: 7300198399519733533, guid: f1450ccef5c4cb140a1df2548734fdcc, type: 3}
  m_PrefabInstance: {fileID: 5136210898517579782}
  m_PrefabAsset: {fileID: 0}
--- !u!1001 &6242330395101589175
PrefabInstance:
  m_ObjectHideFlags: 0
  serializedVersion: 2
  m_Modification:
    m_TransformParent: {fileID: 5516175871614762310}
    m_Modifications:
    - target: {fileID: 1544021064, guid: 62ec35832a05f6b44b2a074e7aa89bf4, type: 3}
      propertyPath: m_Name
      value: Bed_03
      objectReference: {fileID: 0}
    - target: {fileID: 1544021064, guid: 62ec35832a05f6b44b2a074e7aa89bf4, type: 3}
      propertyPath: m_IsActive
      value: 0
      objectReference: {fileID: 0}
    - target: {fileID: 3366791384221834863, guid: 62ec35832a05f6b44b2a074e7aa89bf4, type: 3}
      propertyPath: m_RootOrder
      value: 7
      objectReference: {fileID: 0}
    - target: {fileID: 3366791384221834863, guid: 62ec35832a05f6b44b2a074e7aa89bf4, type: 3}
      propertyPath: m_LocalPosition.x
      value: 0
      objectReference: {fileID: 0}
    - target: {fileID: 3366791384221834863, guid: 62ec35832a05f6b44b2a074e7aa89bf4, type: 3}
      propertyPath: m_LocalPosition.y
      value: 0
      objectReference: {fileID: 0}
    - target: {fileID: 3366791384221834863, guid: 62ec35832a05f6b44b2a074e7aa89bf4, type: 3}
      propertyPath: m_LocalPosition.z
      value: 0
      objectReference: {fileID: 0}
    - target: {fileID: 3366791384221834863, guid: 62ec35832a05f6b44b2a074e7aa89bf4, type: 3}
      propertyPath: m_LocalRotation.w
      value: 1
      objectReference: {fileID: 0}
    - target: {fileID: 3366791384221834863, guid: 62ec35832a05f6b44b2a074e7aa89bf4, type: 3}
      propertyPath: m_LocalRotation.x
      value: 0
      objectReference: {fileID: 0}
    - target: {fileID: 3366791384221834863, guid: 62ec35832a05f6b44b2a074e7aa89bf4, type: 3}
      propertyPath: m_LocalRotation.y
      value: -0
      objectReference: {fileID: 0}
    - target: {fileID: 3366791384221834863, guid: 62ec35832a05f6b44b2a074e7aa89bf4, type: 3}
      propertyPath: m_LocalRotation.z
      value: -0
      objectReference: {fileID: 0}
    - target: {fileID: 3366791384221834863, guid: 62ec35832a05f6b44b2a074e7aa89bf4, type: 3}
      propertyPath: m_LocalEulerAnglesHint.x
      value: 0
      objectReference: {fileID: 0}
    - target: {fileID: 3366791384221834863, guid: 62ec35832a05f6b44b2a074e7aa89bf4, type: 3}
      propertyPath: m_LocalEulerAnglesHint.y
      value: 0
      objectReference: {fileID: 0}
    - target: {fileID: 3366791384221834863, guid: 62ec35832a05f6b44b2a074e7aa89bf4, type: 3}
      propertyPath: m_LocalEulerAnglesHint.z
      value: 0
      objectReference: {fileID: 0}
    m_RemovedComponents: []
  m_SourcePrefab: {fileID: 100100000, guid: 62ec35832a05f6b44b2a074e7aa89bf4, type: 3}
--- !u!4 &8653676058895462616 stripped
Transform:
  m_CorrespondingSourceObject: {fileID: 3366791384221834863, guid: 62ec35832a05f6b44b2a074e7aa89bf4, type: 3}
  m_PrefabInstance: {fileID: 6242330395101589175}
  m_PrefabAsset: {fileID: 0}
--- !u!1001 &6893877936794036622
PrefabInstance:
  m_ObjectHideFlags: 0
  serializedVersion: 2
  m_Modification:
    m_TransformParent: {fileID: 5516175871614762310}
    m_Modifications:
    - target: {fileID: 1349578039, guid: a02d152abfbf64149b7fa4a434644dc3, type: 3}
      propertyPath: m_Name
      value: Candle_03
      objectReference: {fileID: 0}
    - target: {fileID: 1349578039, guid: a02d152abfbf64149b7fa4a434644dc3, type: 3}
      propertyPath: m_IsActive
      value: 0
      objectReference: {fileID: 0}
    - target: {fileID: 515101363174912347, guid: a02d152abfbf64149b7fa4a434644dc3, type: 3}
      propertyPath: m_RootOrder
      value: 2
      objectReference: {fileID: 0}
    - target: {fileID: 515101363174912347, guid: a02d152abfbf64149b7fa4a434644dc3, type: 3}
      propertyPath: m_LocalPosition.x
      value: 0
      objectReference: {fileID: 0}
    - target: {fileID: 515101363174912347, guid: a02d152abfbf64149b7fa4a434644dc3, type: 3}
      propertyPath: m_LocalPosition.y
      value: 0
      objectReference: {fileID: 0}
    - target: {fileID: 515101363174912347, guid: a02d152abfbf64149b7fa4a434644dc3, type: 3}
      propertyPath: m_LocalPosition.z
      value: 0
      objectReference: {fileID: 0}
    - target: {fileID: 515101363174912347, guid: a02d152abfbf64149b7fa4a434644dc3, type: 3}
      propertyPath: m_LocalRotation.w
      value: 1
      objectReference: {fileID: 0}
    - target: {fileID: 515101363174912347, guid: a02d152abfbf64149b7fa4a434644dc3, type: 3}
      propertyPath: m_LocalRotation.x
      value: 0
      objectReference: {fileID: 0}
    - target: {fileID: 515101363174912347, guid: a02d152abfbf64149b7fa4a434644dc3, type: 3}
      propertyPath: m_LocalRotation.y
      value: -0
      objectReference: {fileID: 0}
    - target: {fileID: 515101363174912347, guid: a02d152abfbf64149b7fa4a434644dc3, type: 3}
      propertyPath: m_LocalRotation.z
      value: -0
      objectReference: {fileID: 0}
    - target: {fileID: 515101363174912347, guid: a02d152abfbf64149b7fa4a434644dc3, type: 3}
      propertyPath: m_LocalEulerAnglesHint.x
      value: 0
      objectReference: {fileID: 0}
    - target: {fileID: 515101363174912347, guid: a02d152abfbf64149b7fa4a434644dc3, type: 3}
      propertyPath: m_LocalEulerAnglesHint.y
      value: 0
      objectReference: {fileID: 0}
    - target: {fileID: 515101363174912347, guid: a02d152abfbf64149b7fa4a434644dc3, type: 3}
      propertyPath: m_LocalEulerAnglesHint.z
      value: 0
      objectReference: {fileID: 0}
    m_RemovedComponents: []
  m_SourcePrefab: {fileID: 100100000, guid: a02d152abfbf64149b7fa4a434644dc3, type: 3}
--- !u!4 &6381029478459431125 stripped
Transform:
  m_CorrespondingSourceObject: {fileID: 515101363174912347, guid: a02d152abfbf64149b7fa4a434644dc3, type: 3}
  m_PrefabInstance: {fileID: 6893877936794036622}
  m_PrefabAsset: {fileID: 0}
--- !u!1001 &7198434563176272310
PrefabInstance:
  m_ObjectHideFlags: 0
  serializedVersion: 2
  m_Modification:
    m_TransformParent: {fileID: 5516175871614762310}
    m_Modifications:
    - target: {fileID: 1728700771820516403, guid: bd37217dd9236fe4faaccef83a7b6ee0, type: 3}
      propertyPath: m_RootOrder
      value: 22
      objectReference: {fileID: 0}
    - target: {fileID: 1728700771820516403, guid: bd37217dd9236fe4faaccef83a7b6ee0, type: 3}
      propertyPath: m_LocalPosition.x
      value: 0
      objectReference: {fileID: 0}
    - target: {fileID: 1728700771820516403, guid: bd37217dd9236fe4faaccef83a7b6ee0, type: 3}
      propertyPath: m_LocalPosition.y
      value: 0
      objectReference: {fileID: 0}
    - target: {fileID: 1728700771820516403, guid: bd37217dd9236fe4faaccef83a7b6ee0, type: 3}
      propertyPath: m_LocalPosition.z
      value: 0
      objectReference: {fileID: 0}
    - target: {fileID: 1728700771820516403, guid: bd37217dd9236fe4faaccef83a7b6ee0, type: 3}
      propertyPath: m_LocalRotation.w
      value: 1
      objectReference: {fileID: 0}
    - target: {fileID: 1728700771820516403, guid: bd37217dd9236fe4faaccef83a7b6ee0, type: 3}
      propertyPath: m_LocalRotation.x
      value: -0
      objectReference: {fileID: 0}
    - target: {fileID: 1728700771820516403, guid: bd37217dd9236fe4faaccef83a7b6ee0, type: 3}
      propertyPath: m_LocalRotation.y
      value: -0
      objectReference: {fileID: 0}
    - target: {fileID: 1728700771820516403, guid: bd37217dd9236fe4faaccef83a7b6ee0, type: 3}
      propertyPath: m_LocalRotation.z
      value: -0
      objectReference: {fileID: 0}
    - target: {fileID: 1728700771820516403, guid: bd37217dd9236fe4faaccef83a7b6ee0, type: 3}
      propertyPath: m_LocalEulerAnglesHint.x
      value: 0
      objectReference: {fileID: 0}
    - target: {fileID: 1728700771820516403, guid: bd37217dd9236fe4faaccef83a7b6ee0, type: 3}
      propertyPath: m_LocalEulerAnglesHint.y
      value: 0
      objectReference: {fileID: 0}
    - target: {fileID: 1728700771820516403, guid: bd37217dd9236fe4faaccef83a7b6ee0, type: 3}
      propertyPath: m_LocalEulerAnglesHint.z
      value: 0
      objectReference: {fileID: 0}
    - target: {fileID: 2238774848667802588, guid: bd37217dd9236fe4faaccef83a7b6ee0, type: 3}
      propertyPath: m_Name
      value: Chair_05
      objectReference: {fileID: 0}
    - target: {fileID: 2238774848667802588, guid: bd37217dd9236fe4faaccef83a7b6ee0, type: 3}
      propertyPath: m_IsActive
      value: 0
      objectReference: {fileID: 0}
    m_RemovedComponents: []
  m_SourcePrefab: {fileID: 100100000, guid: bd37217dd9236fe4faaccef83a7b6ee0, type: 3}
--- !u!4 &8365557433540158853 stripped
Transform:
  m_CorrespondingSourceObject: {fileID: 1728700771820516403, guid: bd37217dd9236fe4faaccef83a7b6ee0, type: 3}
  m_PrefabInstance: {fileID: 7198434563176272310}
  m_PrefabAsset: {fileID: 0}
--- !u!1001 &7711071259958800387
PrefabInstance:
  m_ObjectHideFlags: 0
  serializedVersion: 2
  m_Modification:
    m_TransformParent: {fileID: 5516175871614762310}
    m_Modifications:
    - target: {fileID: 1801429661, guid: bf00851771f605c4cb178eb974257b80, type: 3}
      propertyPath: m_Name
      value: Candle_05
      objectReference: {fileID: 0}
    - target: {fileID: 1801429661, guid: bf00851771f605c4cb178eb974257b80, type: 3}
      propertyPath: m_IsActive
      value: 0
      objectReference: {fileID: 0}
    - target: {fileID: 6402083255761209829, guid: bf00851771f605c4cb178eb974257b80, type: 3}
      propertyPath: m_RootOrder
      value: 4
      objectReference: {fileID: 0}
    - target: {fileID: 6402083255761209829, guid: bf00851771f605c4cb178eb974257b80, type: 3}
      propertyPath: m_LocalPosition.x
      value: 0
      objectReference: {fileID: 0}
    - target: {fileID: 6402083255761209829, guid: bf00851771f605c4cb178eb974257b80, type: 3}
      propertyPath: m_LocalPosition.y
      value: 0
      objectReference: {fileID: 0}
    - target: {fileID: 6402083255761209829, guid: bf00851771f605c4cb178eb974257b80, type: 3}
      propertyPath: m_LocalPosition.z
      value: 0
      objectReference: {fileID: 0}
    - target: {fileID: 6402083255761209829, guid: bf00851771f605c4cb178eb974257b80, type: 3}
      propertyPath: m_LocalRotation.w
      value: 1
      objectReference: {fileID: 0}
    - target: {fileID: 6402083255761209829, guid: bf00851771f605c4cb178eb974257b80, type: 3}
      propertyPath: m_LocalRotation.x
      value: 0
      objectReference: {fileID: 0}
    - target: {fileID: 6402083255761209829, guid: bf00851771f605c4cb178eb974257b80, type: 3}
      propertyPath: m_LocalRotation.y
      value: -0
      objectReference: {fileID: 0}
    - target: {fileID: 6402083255761209829, guid: bf00851771f605c4cb178eb974257b80, type: 3}
      propertyPath: m_LocalRotation.z
      value: -0
      objectReference: {fileID: 0}
    - target: {fileID: 6402083255761209829, guid: bf00851771f605c4cb178eb974257b80, type: 3}
      propertyPath: m_LocalEulerAnglesHint.x
      value: 0
      objectReference: {fileID: 0}
    - target: {fileID: 6402083255761209829, guid: bf00851771f605c4cb178eb974257b80, type: 3}
      propertyPath: m_LocalEulerAnglesHint.y
      value: 0
      objectReference: {fileID: 0}
    - target: {fileID: 6402083255761209829, guid: bf00851771f605c4cb178eb974257b80, type: 3}
      propertyPath: m_LocalEulerAnglesHint.z
      value: 0
      objectReference: {fileID: 0}
    m_RemovedComponents: []
  m_SourcePrefab: {fileID: 100100000, guid: bf00851771f605c4cb178eb974257b80, type: 3}
--- !u!4 &3736860388999756262 stripped
Transform:
  m_CorrespondingSourceObject: {fileID: 6402083255761209829, guid: bf00851771f605c4cb178eb974257b80, type: 3}
  m_PrefabInstance: {fileID: 7711071259958800387}
  m_PrefabAsset: {fileID: 0}
--- !u!1001 &7735672457698412076
PrefabInstance:
  m_ObjectHideFlags: 0
  serializedVersion: 2
  m_Modification:
    m_TransformParent: {fileID: 5516175871614762310}
    m_Modifications:
    - target: {fileID: 1172352806, guid: 54ff5b10461b4704b84275c16b1a7bee, type: 3}
      propertyPath: m_Name
      value: Candle_04
      objectReference: {fileID: 0}
    - target: {fileID: 1172352806, guid: 54ff5b10461b4704b84275c16b1a7bee, type: 3}
      propertyPath: m_IsActive
      value: 0
      objectReference: {fileID: 0}
    - target: {fileID: 1294052226164977799, guid: 54ff5b10461b4704b84275c16b1a7bee, type: 3}
      propertyPath: m_RootOrder
      value: 3
      objectReference: {fileID: 0}
    - target: {fileID: 1294052226164977799, guid: 54ff5b10461b4704b84275c16b1a7bee, type: 3}
      propertyPath: m_LocalPosition.x
      value: 0
      objectReference: {fileID: 0}
    - target: {fileID: 1294052226164977799, guid: 54ff5b10461b4704b84275c16b1a7bee, type: 3}
      propertyPath: m_LocalPosition.y
      value: 0
      objectReference: {fileID: 0}
    - target: {fileID: 1294052226164977799, guid: 54ff5b10461b4704b84275c16b1a7bee, type: 3}
      propertyPath: m_LocalPosition.z
      value: 0
      objectReference: {fileID: 0}
    - target: {fileID: 1294052226164977799, guid: 54ff5b10461b4704b84275c16b1a7bee, type: 3}
      propertyPath: m_LocalRotation.w
      value: 1
      objectReference: {fileID: 0}
    - target: {fileID: 1294052226164977799, guid: 54ff5b10461b4704b84275c16b1a7bee, type: 3}
      propertyPath: m_LocalRotation.x
      value: 0
      objectReference: {fileID: 0}
    - target: {fileID: 1294052226164977799, guid: 54ff5b10461b4704b84275c16b1a7bee, type: 3}
      propertyPath: m_LocalRotation.y
      value: -0
      objectReference: {fileID: 0}
    - target: {fileID: 1294052226164977799, guid: 54ff5b10461b4704b84275c16b1a7bee, type: 3}
      propertyPath: m_LocalRotation.z
      value: -0
      objectReference: {fileID: 0}
    - target: {fileID: 1294052226164977799, guid: 54ff5b10461b4704b84275c16b1a7bee, type: 3}
      propertyPath: m_LocalEulerAnglesHint.x
      value: 0
      objectReference: {fileID: 0}
    - target: {fileID: 1294052226164977799, guid: 54ff5b10461b4704b84275c16b1a7bee, type: 3}
      propertyPath: m_LocalEulerAnglesHint.y
      value: 0
      objectReference: {fileID: 0}
    - target: {fileID: 1294052226164977799, guid: 54ff5b10461b4704b84275c16b1a7bee, type: 3}
      propertyPath: m_LocalEulerAnglesHint.z
      value: 0
      objectReference: {fileID: 0}
    m_RemovedComponents: []
  m_SourcePrefab: {fileID: 100100000, guid: 54ff5b10461b4704b84275c16b1a7bee, type: 3}
--- !u!4 &8840500896002406059 stripped
Transform:
  m_CorrespondingSourceObject: {fileID: 1294052226164977799, guid: 54ff5b10461b4704b84275c16b1a7bee, type: 3}
  m_PrefabInstance: {fileID: 7735672457698412076}
  m_PrefabAsset: {fileID: 0}
--- !u!1001 &8305656451608237312
PrefabInstance:
  m_ObjectHideFlags: 0
  serializedVersion: 2
  m_Modification:
    m_TransformParent: {fileID: 5516175871614762310}
    m_Modifications:
    - target: {fileID: 77897640, guid: 713bd371982dd4a48a4f06cd991ad857, type: 3}
      propertyPath: m_Name
      value: Bed_06
      objectReference: {fileID: 0}
    - target: {fileID: 8351238747421449290, guid: 713bd371982dd4a48a4f06cd991ad857, type: 3}
      propertyPath: m_RootOrder
      value: 10
      objectReference: {fileID: 0}
    - target: {fileID: 8351238747421449290, guid: 713bd371982dd4a48a4f06cd991ad857, type: 3}
      propertyPath: m_LocalPosition.x
      value: 1.1322587
      objectReference: {fileID: 0}
    - target: {fileID: 8351238747421449290, guid: 713bd371982dd4a48a4f06cd991ad857, type: 3}
      propertyPath: m_LocalPosition.y
      value: 0
      objectReference: {fileID: 0}
    - target: {fileID: 8351238747421449290, guid: 713bd371982dd4a48a4f06cd991ad857, type: 3}
      propertyPath: m_LocalPosition.z
      value: 0.030390687
      objectReference: {fileID: 0}
    - target: {fileID: 8351238747421449290, guid: 713bd371982dd4a48a4f06cd991ad857, type: 3}
      propertyPath: m_LocalRotation.w
      value: 0.017589383
      objectReference: {fileID: 0}
    - target: {fileID: 8351238747421449290, guid: 713bd371982dd4a48a4f06cd991ad857, type: 3}
      propertyPath: m_LocalRotation.x
      value: -0
      objectReference: {fileID: 0}
    - target: {fileID: 8351238747421449290, guid: 713bd371982dd4a48a4f06cd991ad857, type: 3}
      propertyPath: m_LocalRotation.y
      value: -0.9998453
      objectReference: {fileID: 0}
    - target: {fileID: 8351238747421449290, guid: 713bd371982dd4a48a4f06cd991ad857, type: 3}
      propertyPath: m_LocalRotation.z
      value: -0
      objectReference: {fileID: 0}
    - target: {fileID: 8351238747421449290, guid: 713bd371982dd4a48a4f06cd991ad857, type: 3}
      propertyPath: m_LocalEulerAnglesHint.x
      value: 0
      objectReference: {fileID: 0}
    - target: {fileID: 8351238747421449290, guid: 713bd371982dd4a48a4f06cd991ad857, type: 3}
      propertyPath: m_LocalEulerAnglesHint.y
      value: -177.984
      objectReference: {fileID: 0}
    - target: {fileID: 8351238747421449290, guid: 713bd371982dd4a48a4f06cd991ad857, type: 3}
      propertyPath: m_LocalEulerAnglesHint.z
      value: 0
      objectReference: {fileID: 0}
    m_RemovedComponents: []
  m_SourcePrefab: {fileID: 100100000, guid: 713bd371982dd4a48a4f06cd991ad857, type: 3}
--- !u!4 &46744556913477962 stripped
Transform:
  m_CorrespondingSourceObject: {fileID: 8351238747421449290, guid: 713bd371982dd4a48a4f06cd991ad857, type: 3}
  m_PrefabInstance: {fileID: 8305656451608237312}
  m_PrefabAsset: {fileID: 0}
--- !u!1001 &9162432561201437297
PrefabInstance:
  m_ObjectHideFlags: 0
  serializedVersion: 2
  m_Modification:
    m_TransformParent: {fileID: 5516175871614762310}
    m_Modifications:
    - target: {fileID: 1891320786, guid: a1f3f1e47ecc6d848bf23ac78e549112, type: 3}
      propertyPath: m_Name
      value: Bottle_03
      objectReference: {fileID: 0}
    - target: {fileID: 1891320786, guid: a1f3f1e47ecc6d848bf23ac78e549112, type: 3}
      propertyPath: m_IsActive
      value: 0
      objectReference: {fileID: 0}
    - target: {fileID: 6780552429202397896, guid: a1f3f1e47ecc6d848bf23ac78e549112, type: 3}
      propertyPath: m_RootOrder
      value: 16
      objectReference: {fileID: 0}
    - target: {fileID: 6780552429202397896, guid: a1f3f1e47ecc6d848bf23ac78e549112, type: 3}
      propertyPath: m_LocalPosition.x
      value: 0
      objectReference: {fileID: 0}
    - target: {fileID: 6780552429202397896, guid: a1f3f1e47ecc6d848bf23ac78e549112, type: 3}
      propertyPath: m_LocalPosition.y
      value: 0
      objectReference: {fileID: 0}
    - target: {fileID: 6780552429202397896, guid: a1f3f1e47ecc6d848bf23ac78e549112, type: 3}
      propertyPath: m_LocalPosition.z
      value: 0
      objectReference: {fileID: 0}
    - target: {fileID: 6780552429202397896, guid: a1f3f1e47ecc6d848bf23ac78e549112, type: 3}
      propertyPath: m_LocalRotation.w
      value: 1
      objectReference: {fileID: 0}
    - target: {fileID: 6780552429202397896, guid: a1f3f1e47ecc6d848bf23ac78e549112, type: 3}
      propertyPath: m_LocalRotation.x
      value: 0
      objectReference: {fileID: 0}
    - target: {fileID: 6780552429202397896, guid: a1f3f1e47ecc6d848bf23ac78e549112, type: 3}
      propertyPath: m_LocalRotation.y
      value: -0
      objectReference: {fileID: 0}
    - target: {fileID: 6780552429202397896, guid: a1f3f1e47ecc6d848bf23ac78e549112, type: 3}
      propertyPath: m_LocalRotation.z
      value: -0
      objectReference: {fileID: 0}
    - target: {fileID: 6780552429202397896, guid: a1f3f1e47ecc6d848bf23ac78e549112, type: 3}
      propertyPath: m_LocalEulerAnglesHint.x
      value: 0
      objectReference: {fileID: 0}
    - target: {fileID: 6780552429202397896, guid: a1f3f1e47ecc6d848bf23ac78e549112, type: 3}
      propertyPath: m_LocalEulerAnglesHint.y
      value: 0
      objectReference: {fileID: 0}
    - target: {fileID: 6780552429202397896, guid: a1f3f1e47ecc6d848bf23ac78e549112, type: 3}
      propertyPath: m_LocalEulerAnglesHint.z
      value: 0
      objectReference: {fileID: 0}
    m_RemovedComponents: []
  m_SourcePrefab: {fileID: 100100000, guid: a1f3f1e47ecc6d848bf23ac78e549112, type: 3}
--- !u!4 &2395390933129953465 stripped
Transform:
  m_CorrespondingSourceObject: {fileID: 6780552429202397896, guid: a1f3f1e47ecc6d848bf23ac78e549112, type: 3}
  m_PrefabInstance: {fileID: 9162432561201437297}
  m_PrefabAsset: {fileID: 0}
