%YAML 1.1
%TAG !u! tag:unity3d.com,2011:
--- !u!1 &6243609085136718766
GameObject:
  m_ObjectHideFlags: 0
  m_CorrespondingSourceObject: {fileID: 0}
  m_PrefabInstance: {fileID: 0}
  m_PrefabAsset: {fileID: 0}
  serializedVersion: 6
  m_Component:
  - component: {fileID: 1797670137627914638}
  - component: {fileID: 4680868565880720930}
  - component: {fileID: 88319120364485549}
  - component: {fileID: 5395614182985381923}
  - component: {fileID: 7980315005648926238}
  m_Layer: 0
  m_Name: ere (1)
  m_TagString: Untagged
  m_Icon: {fileID: 0}
  m_NavMeshLayer: 0
  m_StaticEditorFlags: 0
  m_IsActive: 1
--- !u!4 &1797670137627914638
Transform:
  m_ObjectHideFlags: 0
  m_CorrespondingSourceObject: {fileID: 0}
  m_PrefabInstance: {fileID: 0}
  m_PrefabAsset: {fileID: 0}
  m_GameObject: {fileID: 6243609085136718766}
  m_LocalRotation: {x: 0, y: 1, z: 0, w: 0}
  m_LocalPosition: {x: -0.049999952, y: 1.3, z: -0.00000008940697}
  m_LocalScale: {x: 2, y: 3, z: 1}
  m_ConstrainProportionsScale: 0
  m_Children: []
  m_Father: {fileID: 8013539636826574726}
  m_RootOrder: 3
  m_LocalEulerAnglesHint: {x: 0, y: 180, z: 0}
--- !u!33 &4680868565880720930
MeshFilter:
  m_ObjectHideFlags: 0
  m_CorrespondingSourceObject: {fileID: 0}
  m_PrefabInstance: {fileID: 0}
  m_PrefabAsset: {fileID: 0}
  m_GameObject: {fileID: 6243609085136718766}
  m_Mesh: {fileID: 10210, guid: 0000000000000000e000000000000000, type: 0}
--- !u!23 &88319120364485549
MeshRenderer:
  m_ObjectHideFlags: 0
  m_CorrespondingSourceObject: {fileID: 0}
  m_PrefabInstance: {fileID: 0}
  m_PrefabAsset: {fileID: 0}
  m_GameObject: {fileID: 6243609085136718766}
  m_Enabled: 1
  m_CastShadows: 1
  m_ReceiveShadows: 1
  m_DynamicOccludee: 1
  m_StaticShadowCaster: 0
  m_MotionVectors: 1
  m_LightProbeUsage: 1
  m_ReflectionProbeUsage: 1
  m_RayTracingMode: 2
  m_RayTraceProcedural: 0
  m_RenderingLayerMask: 1
  m_RendererPriority: 0
  m_Materials:
  - {fileID: 2100000, guid: 549f1f21e695ec048888bd3dd803c028, type: 2}
  m_StaticBatchInfo:
    firstSubMesh: 0
    subMeshCount: 0
  m_StaticBatchRoot: {fileID: 0}
  m_ProbeAnchor: {fileID: 0}
  m_LightProbeVolumeOverride: {fileID: 0}
  m_ScaleInLightmap: 1
  m_ReceiveGI: 1
  m_PreserveUVs: 0
  m_IgnoreNormalsForChartDetection: 0
  m_ImportantGI: 0
  m_StitchLightmapSeams: 1
  m_SelectedEditorRenderState: 3
  m_MinimumChartSize: 4
  m_AutoUVMaxDistance: 0.5
  m_AutoUVMaxAngle: 89
  m_LightmapParameters: {fileID: 0}
  m_SortingLayerID: 0
  m_SortingLayer: 0
  m_SortingOrder: 0
  m_AdditionalVertexStreams: {fileID: 0}
--- !u!64 &5395614182985381923
MeshCollider:
  m_ObjectHideFlags: 0
  m_CorrespondingSourceObject: {fileID: 0}
  m_PrefabInstance: {fileID: 0}
  m_PrefabAsset: {fileID: 0}
  m_GameObject: {fileID: 6243609085136718766}
  m_Material: {fileID: 0}
  m_IsTrigger: 0
  m_Enabled: 1
  serializedVersion: 4
  m_Convex: 0
  m_CookingOptions: 30
  m_Mesh: {fileID: 10210, guid: 0000000000000000e000000000000000, type: 0}
--- !u!114 &7980315005648926238
MonoBehaviour:
  m_ObjectHideFlags: 0
  m_CorrespondingSourceObject: {fileID: 0}
  m_PrefabInstance: {fileID: 0}
  m_PrefabAsset: {fileID: 0}
  m_GameObject: {fileID: 6243609085136718766}
  m_Enabled: 1
  m_EditorHideFlags: 0
  m_Script: {fileID: 11500000, guid: b4e01298484329e48ad03d6cbc4d6022, type: 3}
  m_Name: 
  m_EditorClassIdentifier: 
  delay: 1
  duration: 2
--- !u!1 &8013539636826574721
GameObject:
  m_ObjectHideFlags: 0
  m_CorrespondingSourceObject: {fileID: 0}
  m_PrefabInstance: {fileID: 0}
  m_PrefabAsset: {fileID: 0}
  serializedVersion: 6
  m_Component:
  - component: {fileID: 8013539636826574726}
  m_Layer: 0
  m_Name: Portal
  m_TagString: Untagged
  m_Icon: {fileID: 0}
  m_NavMeshLayer: 0
  m_StaticEditorFlags: 0
  m_IsActive: 1
--- !u!4 &8013539636826574726
Transform:
  m_ObjectHideFlags: 0
  m_CorrespondingSourceObject: {fileID: 0}
  m_PrefabInstance: {fileID: 0}
  m_PrefabAsset: {fileID: 0}
  m_GameObject: {fileID: 8013539636826574721}
  m_LocalRotation: {x: 0, y: 0.38268343, z: 0, w: 0.92387956}
  m_LocalPosition: {x: 0, y: 0, z: 0}
  m_LocalScale: {x: 1, y: 1, z: 1}
  m_ConstrainProportionsScale: 0
  m_Children:
  - {fileID: 5972445662354422270}
  - {fileID: 5972445663118959011}
  - {fileID: 8013539637322879958}
  - {fileID: 1797670137627914638}
  m_Father: {fileID: 0}
  m_RootOrder: 0
  m_LocalEulerAnglesHint: {x: 0, y: 45, z: 0}
--- !u!1 &8013539637322879954
GameObject:
  m_ObjectHideFlags: 0
  m_CorrespondingSourceObject: {fileID: 0}
  m_PrefabInstance: {fileID: 0}
  m_PrefabAsset: {fileID: 0}
  serializedVersion: 6
  m_Component:
  - component: {fileID: 8013539637322879958}
  - component: {fileID: 8013539637322879953}
  - component: {fileID: 8013539637322879952}
  - component: {fileID: 8013539637322879955}
  - component: {fileID: 8013539637322879959}
  - component: {fileID: 8013539637322879956}
  - component: {fileID: 8013539637322879957}
  - component: {fileID: 9093154998976982359}
  m_Layer: 0
  m_Name: ere
  m_TagString: Untagged
  m_Icon: {fileID: 0}
  m_NavMeshLayer: 0
  m_StaticEditorFlags: 0
  m_IsActive: 1
--- !u!4 &8013539637322879958
Transform:
  m_ObjectHideFlags: 0
  m_CorrespondingSourceObject: {fileID: 0}
  m_PrefabInstance: {fileID: 0}
  m_PrefabAsset: {fileID: 0}
  m_GameObject: {fileID: 8013539637322879954}
  m_LocalRotation: {x: -0, y: -0, z: -0, w: 1}
  m_LocalPosition: {x: -0.049999952, y: 1.3, z: -0.00000008940697}
  m_LocalScale: {x: 2, y: 3, z: 1}
  m_ConstrainProportionsScale: 0
  m_Children: []
  m_Father: {fileID: 8013539636826574726}
  m_RootOrder: 2
  m_LocalEulerAnglesHint: {x: 0, y: 0, z: 0}
--- !u!33 &8013539637322879953
MeshFilter:
  m_ObjectHideFlags: 0
  m_CorrespondingSourceObject: {fileID: 0}
  m_PrefabInstance: {fileID: 0}
  m_PrefabAsset: {fileID: 0}
  m_GameObject: {fileID: 8013539637322879954}
  m_Mesh: {fileID: 10210, guid: 0000000000000000e000000000000000, type: 0}
--- !u!23 &8013539637322879952
MeshRenderer:
  m_ObjectHideFlags: 0
  m_CorrespondingSourceObject: {fileID: 0}
  m_PrefabInstance: {fileID: 0}
  m_PrefabAsset: {fileID: 0}
  m_GameObject: {fileID: 8013539637322879954}
  m_Enabled: 1
  m_CastShadows: 1
  m_ReceiveShadows: 1
  m_DynamicOccludee: 1
  m_StaticShadowCaster: 0
  m_MotionVectors: 1
  m_LightProbeUsage: 1
  m_ReflectionProbeUsage: 1
  m_RayTracingMode: 2
  m_RayTraceProcedural: 0
  m_RenderingLayerMask: 1
  m_RendererPriority: 0
  m_Materials:
  - {fileID: 2100000, guid: 549f1f21e695ec048888bd3dd803c028, type: 2}
  m_StaticBatchInfo:
    firstSubMesh: 0
    subMeshCount: 0
  m_StaticBatchRoot: {fileID: 0}
  m_ProbeAnchor: {fileID: 0}
  m_LightProbeVolumeOverride: {fileID: 0}
  m_ScaleInLightmap: 1
  m_ReceiveGI: 1
  m_PreserveUVs: 0
  m_IgnoreNormalsForChartDetection: 0
  m_ImportantGI: 0
  m_StitchLightmapSeams: 1
  m_SelectedEditorRenderState: 3
  m_MinimumChartSize: 4
  m_AutoUVMaxDistance: 0.5
  m_AutoUVMaxAngle: 89
  m_LightmapParameters: {fileID: 0}
  m_SortingLayerID: 0
  m_SortingLayer: 0
  m_SortingOrder: 0
  m_AdditionalVertexStreams: {fileID: 0}
--- !u!64 &8013539637322879955
MeshCollider:
  m_ObjectHideFlags: 0
  m_CorrespondingSourceObject: {fileID: 0}
  m_PrefabInstance: {fileID: 0}
  m_PrefabAsset: {fileID: 0}
  m_GameObject: {fileID: 8013539637322879954}
  m_Material: {fileID: 0}
  m_IsTrigger: 0
  m_Enabled: 1
  serializedVersion: 4
  m_Convex: 0
  m_CookingOptions: 30
  m_Mesh: {fileID: 10210, guid: 0000000000000000e000000000000000, type: 0}
--- !u!114 &8013539637322879959
MonoBehaviour:
  m_ObjectHideFlags: 0
  m_CorrespondingSourceObject: {fileID: 0}
  m_PrefabInstance: {fileID: 0}
  m_PrefabAsset: {fileID: 0}
  m_GameObject: {fileID: 8013539637322879954}
  m_Enabled: 1
  m_EditorHideFlags: 0
  m_Script: {fileID: 11500000, guid: b4e01298484329e48ad03d6cbc4d6022, type: 3}
  m_Name: 
  m_EditorClassIdentifier: 
  delay: 1
  duration: 2
--- !u!114 &8013539637322879956
MonoBehaviour:
  m_ObjectHideFlags: 0
  m_CorrespondingSourceObject: {fileID: 0}
  m_PrefabInstance: {fileID: 0}
  m_PrefabAsset: {fileID: 0}
  m_GameObject: {fileID: 8013539637322879954}
  m_Enabled: 1
  m_EditorHideFlags: 0
  m_Script: {fileID: 11500000, guid: 4fbf03ef0edc55245af0af47f7e289b8, type: 3}
  m_Name: 
  m_EditorClassIdentifier: 
  OnEnter:
    m_PersistentCalls:
      m_Calls:
      - m_Target: {fileID: 9093154998976982359}
        m_TargetAssemblyTypeName: SceneSwitch, Assembly-CSharp
        m_MethodName: SwitchScene
        m_Mode: 1
        m_Arguments:
          m_ObjectArgument: {fileID: 0}
          m_ObjectArgumentAssemblyTypeName: UnityEngine.Object, UnityEngine
          m_IntArgument: 0
          m_FloatArgument: 0
          m_StringArgument: test
          m_BoolArgument: 0
        m_CallState: 2
  OnStay:
    m_PersistentCalls:
      m_Calls: []
  OnExit:
    m_PersistentCalls:
      m_Calls: []
--- !u!65 &8013539637322879957
BoxCollider:
  m_ObjectHideFlags: 0
  m_CorrespondingSourceObject: {fileID: 0}
  m_PrefabInstance: {fileID: 0}
  m_PrefabAsset: {fileID: 0}
  m_GameObject: {fileID: 8013539637322879954}
  m_Material: {fileID: 0}
  m_IsTrigger: 1
  m_Enabled: 1
  serializedVersion: 2
  m_Size: {x: 1, y: 1, z: 1}
  m_Center: {x: 0, y: 0, z: 0}
--- !u!114 &9093154998976982359
MonoBehaviour:
  m_ObjectHideFlags: 0
  m_CorrespondingSourceObject: {fileID: 0}
  m_PrefabInstance: {fileID: 0}
  m_PrefabAsset: {fileID: 0}
  m_GameObject: {fileID: 8013539637322879954}
  m_Enabled: 1
  m_EditorHideFlags: 0
  m_Script: {fileID: 11500000, guid: 8c909274d324145459fe0acaf6e868cc, type: 3}
  m_Name: 
  m_EditorClassIdentifier: 
  Scene: DungeonScene
--- !u!1001 &8013539637957599292
PrefabInstance:
  m_ObjectHideFlags: 0
  serializedVersion: 2
  m_Modification:
    m_TransformParent: {fileID: 8013539636826574726}
    m_Modifications:
    - target: {fileID: 4456219988122704322, guid: 3bd29f258e37ef244bbce0571e0ed9b6, type: 3}
      propertyPath: m_RootOrder
      value: 0
      objectReference: {fileID: 0}
    - target: {fileID: 4456219988122704322, guid: 3bd29f258e37ef244bbce0571e0ed9b6, type: 3}
      propertyPath: m_LocalScale.x
      value: 0.7
      objectReference: {fileID: 0}
    - target: {fileID: 4456219988122704322, guid: 3bd29f258e37ef244bbce0571e0ed9b6, type: 3}
      propertyPath: m_LocalScale.y
      value: 0.7
      objectReference: {fileID: 0}
    - target: {fileID: 4456219988122704322, guid: 3bd29f258e37ef244bbce0571e0ed9b6, type: 3}
      propertyPath: m_LocalScale.z
      value: 0.7
      objectReference: {fileID: 0}
    - target: {fileID: 4456219988122704322, guid: 3bd29f258e37ef244bbce0571e0ed9b6, type: 3}
      propertyPath: m_LocalPosition.x
      value: -1.25
      objectReference: {fileID: 0}
    - target: {fileID: 4456219988122704322, guid: 3bd29f258e37ef244bbce0571e0ed9b6, type: 3}
      propertyPath: m_LocalPosition.y
      value: 0
      objectReference: {fileID: 0}
    - target: {fileID: 4456219988122704322, guid: 3bd29f258e37ef244bbce0571e0ed9b6, type: 3}
      propertyPath: m_LocalPosition.z
      value: -0.00000011920929
      objectReference: {fileID: 0}
    - target: {fileID: 4456219988122704322, guid: 3bd29f258e37ef244bbce0571e0ed9b6, type: 3}
      propertyPath: m_LocalRotation.w
      value: 1
      objectReference: {fileID: 0}
    - target: {fileID: 4456219988122704322, guid: 3bd29f258e37ef244bbce0571e0ed9b6, type: 3}
      propertyPath: m_LocalRotation.x
      value: -0
      objectReference: {fileID: 0}
    - target: {fileID: 4456219988122704322, guid: 3bd29f258e37ef244bbce0571e0ed9b6, type: 3}
      propertyPath: m_LocalRotation.y
      value: -0
      objectReference: {fileID: 0}
    - target: {fileID: 4456219988122704322, guid: 3bd29f258e37ef244bbce0571e0ed9b6, type: 3}
      propertyPath: m_LocalRotation.z
      value: -0
      objectReference: {fileID: 0}
    - target: {fileID: 4456219988122704322, guid: 3bd29f258e37ef244bbce0571e0ed9b6, type: 3}
      propertyPath: m_LocalEulerAnglesHint.x
      value: 0
      objectReference: {fileID: 0}
    - target: {fileID: 4456219988122704322, guid: 3bd29f258e37ef244bbce0571e0ed9b6, type: 3}
      propertyPath: m_LocalEulerAnglesHint.y
      value: 0
      objectReference: {fileID: 0}
    - target: {fileID: 4456219988122704322, guid: 3bd29f258e37ef244bbce0571e0ed9b6, type: 3}
      propertyPath: m_LocalEulerAnglesHint.z
      value: 0
      objectReference: {fileID: 0}
    - target: {fileID: 4456219988122704322, guid: 3bd29f258e37ef244bbce0571e0ed9b6, type: 3}
      propertyPath: m_ConstrainProportionsScale
      value: 1
      objectReference: {fileID: 0}
    - target: {fileID: 9059518013419942216, guid: 3bd29f258e37ef244bbce0571e0ed9b6, type: 3}
      propertyPath: m_Name
      value: Column_04
      objectReference: {fileID: 0}
    - target: {fileID: 9059518013419942216, guid: 3bd29f258e37ef244bbce0571e0ed9b6, type: 3}
      propertyPath: m_Layer
      value: 0
      objectReference: {fileID: 0}
    m_RemovedComponents: []
  m_SourcePrefab: {fileID: 100100000, guid: 3bd29f258e37ef244bbce0571e0ed9b6, type: 3}
--- !u!4 &5972445662354422270 stripped
Transform:
  m_CorrespondingSourceObject: {fileID: 4456219988122704322, guid: 3bd29f258e37ef244bbce0571e0ed9b6, type: 3}
  m_PrefabInstance: {fileID: 8013539637957599292}
  m_PrefabAsset: {fileID: 0}
--- !u!1001 &8013539638453712993
PrefabInstance:
  m_ObjectHideFlags: 0
  serializedVersion: 2
  m_Modification:
    m_TransformParent: {fileID: 8013539636826574726}
    m_Modifications:
    - target: {fileID: 4456219988122704322, guid: 3bd29f258e37ef244bbce0571e0ed9b6, type: 3}
      propertyPath: m_RootOrder
      value: 1
      objectReference: {fileID: 0}
    - target: {fileID: 4456219988122704322, guid: 3bd29f258e37ef244bbce0571e0ed9b6, type: 3}
      propertyPath: m_LocalScale.x
      value: 0.7
      objectReference: {fileID: 0}
    - target: {fileID: 4456219988122704322, guid: 3bd29f258e37ef244bbce0571e0ed9b6, type: 3}
      propertyPath: m_LocalScale.y
      value: 0.7
      objectReference: {fileID: 0}
    - target: {fileID: 4456219988122704322, guid: 3bd29f258e37ef244bbce0571e0ed9b6, type: 3}
      propertyPath: m_LocalScale.z
      value: 0.7
      objectReference: {fileID: 0}
    - target: {fileID: 4456219988122704322, guid: 3bd29f258e37ef244bbce0571e0ed9b6, type: 3}
      propertyPath: m_LocalPosition.x
      value: 1.1500001
      objectReference: {fileID: 0}
    - target: {fileID: 4456219988122704322, guid: 3bd29f258e37ef244bbce0571e0ed9b6, type: 3}
      propertyPath: m_LocalPosition.y
      value: 0
      objectReference: {fileID: 0}
    - target: {fileID: 4456219988122704322, guid: 3bd29f258e37ef244bbce0571e0ed9b6, type: 3}
      propertyPath: m_LocalPosition.z
      value: -0.00000008940697
      objectReference: {fileID: 0}
    - target: {fileID: 4456219988122704322, guid: 3bd29f258e37ef244bbce0571e0ed9b6, type: 3}
      propertyPath: m_LocalRotation.w
      value: 1
      objectReference: {fileID: 0}
    - target: {fileID: 4456219988122704322, guid: 3bd29f258e37ef244bbce0571e0ed9b6, type: 3}
      propertyPath: m_LocalRotation.x
      value: -0
      objectReference: {fileID: 0}
    - target: {fileID: 4456219988122704322, guid: 3bd29f258e37ef244bbce0571e0ed9b6, type: 3}
      propertyPath: m_LocalRotation.y
      value: -0
      objectReference: {fileID: 0}
    - target: {fileID: 4456219988122704322, guid: 3bd29f258e37ef244bbce0571e0ed9b6, type: 3}
      propertyPath: m_LocalRotation.z
      value: -0
      objectReference: {fileID: 0}
    - target: {fileID: 4456219988122704322, guid: 3bd29f258e37ef244bbce0571e0ed9b6, type: 3}
      propertyPath: m_LocalEulerAnglesHint.x
      value: 0
      objectReference: {fileID: 0}
    - target: {fileID: 4456219988122704322, guid: 3bd29f258e37ef244bbce0571e0ed9b6, type: 3}
      propertyPath: m_LocalEulerAnglesHint.y
      value: 0
      objectReference: {fileID: 0}
    - target: {fileID: 4456219988122704322, guid: 3bd29f258e37ef244bbce0571e0ed9b6, type: 3}
      propertyPath: m_LocalEulerAnglesHint.z
      value: 0
      objectReference: {fileID: 0}
    - target: {fileID: 4456219988122704322, guid: 3bd29f258e37ef244bbce0571e0ed9b6, type: 3}
      propertyPath: m_ConstrainProportionsScale
      value: 1
      objectReference: {fileID: 0}
    - target: {fileID: 9059518013419942216, guid: 3bd29f258e37ef244bbce0571e0ed9b6, type: 3}
      propertyPath: m_Name
      value: Column_04 (1)
      objectReference: {fileID: 0}
    - target: {fileID: 9059518013419942216, guid: 3bd29f258e37ef244bbce0571e0ed9b6, type: 3}
      propertyPath: m_Layer
      value: 0
      objectReference: {fileID: 0}
    m_RemovedComponents: []
  m_SourcePrefab: {fileID: 100100000, guid: 3bd29f258e37ef244bbce0571e0ed9b6, type: 3}
--- !u!4 &5972445663118959011 stripped
Transform:
  m_CorrespondingSourceObject: {fileID: 4456219988122704322, guid: 3bd29f258e37ef244bbce0571e0ed9b6, type: 3}
  m_PrefabInstance: {fileID: 8013539638453712993}
  m_PrefabAsset: {fileID: 0}
